{'id': 8009772, 'price': '0.00005245', 'qty': '2.00000000', 'quoteQty': '0.00010490', 'time': 1613936641037, 'isBuyerMaker': False, 'isBestMatch': True}
{'id': 8009773, 'price': '0.00005245', 'qty': '2.00000000', 'quoteQty': '0.00010490', 'time': 1613936641037, 'isBuyerMaker': False, 'isBestMatch': True}
{'id': 8009774, 'price': '0.00005245', 'qty': '2.00000000', 'quoteQty': '0.00010490', 'time': 1613936641037, 'isBuyerMaker': False, 'isBestMatch': True}
{'id': 8009775, 'price': '0.00005245', 'qty': '2.00000000', 'quoteQty': '0.00010490', 'time': 1613936641037, 'isBuyerMaker': False, 'isBestMatch': True}
{'id': 8009776, 'price': '0.00005245', 'qty': '2.00000000', 'quoteQty': '0.00010490', 'time': 1613936641037, 'isBuyerMaker': False, 'isBestMatch': True}
{'id': 8009777, 'price': '0.00005245', 'qty': '2.00000000', 'quoteQty': '0.00010490', 'time': 1613936641037, 'isBuyerMaker': False, 'isBestMatch': True}
{'id': 8009778, 'price': '0.00005245', 'qty': '2.00000000', 'quoteQty': '0.00010490', 'time': 1613936641037, 'isBuyerMaker': False, 'isBestMatch': True}
{'id': 8009779, 'price': '0.00005245', 'qty': '2.00000000', 'quoteQty': '0.00010490', 'time': 1613936641037, 'isBuyerMaker': False, 'isBestMatch': True}
{'id': 8009780, 'price': '0.00005245', 'qty': '2.00000000', 'quoteQty': '0.00010490', 'time': 1613936641037, 'isBuyerMaker': False, 'isBestMatch': True}
{'id': 8009781, 'price': '0.00005245', 'qty': '2.00000000', 'quoteQty': '0.00010490', 'time': 1613936641037, 'isBuyerMaker': False, 'isBestMatch': True}
{'id': 8009782, 'price': '0.00005245', 'qty': '2.00000000', 'quoteQty': '0.00010490', 'time': 1613936641037, 'isBuyerMaker': False, 'isBestMatch': True}
{'id': 8009783, 'price': '0.00005245', 'qty': '2.00000000', 'quoteQty': '0.00010490', 'time': 1613936641037, 'isBuyerMaker': False, 'isBestMatch': True}
{'id': 8009784, 'price': '0.00005245', 'qty': '2.00000000', 'quoteQty': '0.00010490', 'time': 1613936641037, 'isBuyerMaker': False, 'isBestMatch': True}
{'id': 8009785, 'price': '0.00005245', 'qty': '2.00000000', 'quoteQty': '0.00010490', 'time': 1613936641037, 'isBuyerMaker': False, 'isBestMatch': True}
{'id': 8009786, 'price': '0.00005245', 'qty': '2.00000000', 'quoteQty': '0.00010490', 'time': 1613936641037, 'isBuyerMaker': False, 'isBestMatch': True}
{'id': 8009787, 'price': '0.00005245', 'qty': '2.00000000', 'quoteQty': '0.00010490', 'time': 1613936641037, 'isBuyerMaker': False, 'isBestMatch': True}
{'id': 8009788, 'price': '0.00005245', 'qty': '1.00000000', 'quoteQty': '0.00005245', 'time': 1613936641037, 'isBuyerMaker': False, 'isBestMatch': True}
{'id': 8009789, 'price': '0.00005245', 'qty': '1.00000000', 'quoteQty': '0.00005245', 'time': 1613936641037, 'isBuyerMaker': False, 'isBestMatch': True}
{'id': 8009790, 'price': '0.00005245', 'qty': '1.00000000', 'quoteQty': '0.00005245', 'time': 1613936641037, 'isBuyerMaker': False, 'isBestMatch': True}
{'id': 8009791, 'price': '0.00005245', 'qty': '1.00000000', 'quoteQty': '0.00005245', 'time': 1613936641037, 'isBuyerMaker': False, 'isBestMatch': True}
{'id': 8009792, 'price': '0.00005245', 'qty': '1.00000000', 'quoteQty': '0.00005245', 'time': 1613936641037, 'isBuyerMaker': False, 'isBestMatch': True}
{'id': 8009793, 'price': '0.00005245', 'qty': '1.00000000', 'quoteQty': '0.00005245', 'time': 1613936641037, 'isBuyerMaker': False, 'isBestMatch': True}
{'id': 8009794, 'price': '0.00005245', 'qty': '1.00000000', 'quoteQty': '0.00005245', 'time': 1613936641037, 'isBuyerMaker': False, 'isBestMatch': True}
{'id': 8009795, 'price': '0.00005245', 'qty': '1.00000000', 'quoteQty': '0.00005245', 'time': 1613936641037, 'isBuyerMaker': False, 'isBestMatch': True}
{'id': 8009796, 'price': '0.00005245', 'qty': '1.00000000', 'quoteQty': '0.00005245', 'time': 1613936641037, 'isBuyerMaker': False, 'isBestMatch': True}
{'id': 8009797, 'price': '0.00005245', 'qty': '1.00000000', 'quoteQty': '0.00005245', 'time': 1613936641037, 'isBuyerMaker': False, 'isBestMatch': True}
{'id': 8009798, 'price': '0.00005245', 'qty': '1.00000000', 'quoteQty': '0.00005245', 'time': 1613936641037, 'isBuyerMaker': False, 'isBestMatch': True}
{'id': 8009799, 'price': '0.00005245', 'qty': '1.00000000', 'quoteQty': '0.00005245', 'time': 1613936641037, 'isBuyerMaker': False, 'isBestMatch': True}
{'id': 8009800, 'price': '0.00005245', 'qty': '1.00000000', 'quoteQty': '0.00005245', 'time': 1613936641037, 'isBuyerMaker': False, 'isBestMatch': True}
{'id': 8009801, 'price': '0.00005248', 'qty': '2.00000000', 'quoteQty': '0.00010496', 'time': 1613936641037, 'isBuyerMaker': False, 'isBestMatch': True}
{'id': 8009802, 'price': '0.00005248', 'qty': '2.00000000', 'quoteQty': '0.00010496', 'time': 1613936641037, 'isBuyerMaker': False, 'isBestMatch': True}
{'id': 8009803, 'price': '0.00005248', 'qty': '2.00000000', 'quoteQty': '0.00010496', 'time': 1613936641037, 'isBuyerMaker': False, 'isBestMatch': True}
{'id': 8009804, 'price': '0.00005248', 'qty': '2.00000000', 'quoteQty': '0.00010496', 'time': 1613936641037, 'isBuyerMaker': False, 'isBestMatch': True}
{'id': 8009805, 'price': '0.00005248', 'qty': '2.00000000', 'quoteQty': '0.00010496', 'time': 1613936641037, 'isBuyerMaker': False, 'isBestMatch': True}
{'id': 8009806, 'price': '0.00005248', 'qty': '1.00000000', 'quoteQty': '0.00005248', 'time': 1613936641037, 'isBuyerMaker': False, 'isBestMatch': True}
{'id': 8009807, 'price': '0.00005249', 'qty': '2.00000000', 'quoteQty': '0.00010498', 'time': 1613936641037, 'isBuyerMaker': False, 'isBestMatch': True}
{'id': 8009808, 'price': '0.00005249', 'qty': '2.00000000', 'quoteQty': '0.00010498', 'time': 1613936641037, 'isBuyerMaker': False, 'isBestMatch': True}
{'id': 8009809, 'price': '0.00005249', 'qty': '2.00000000', 'quoteQty': '0.00010498', 'time': 1613936641037, 'isBuyerMaker': False, 'isBestMatch': True}
{'id': 8009810, 'price': '0.00005249', 'qty': '2.00000000', 'quoteQty': '0.00010498', 'time': 1613936641037, 'isBuyerMaker': False, 'isBestMatch': True}
{'id': 8009811, 'price': '0.00005249', 'qty': '2.00000000', 'quoteQty': '0.00010498', 'time': 1613936641037, 'isBuyerMaker': False, 'isBestMatch': True}
{'id': 8009812, 'price': '0.00005249', 'qty': '2.00000000', 'quoteQty': '0.00010498', 'time': 1613936641037, 'isBuyerMaker': False, 'isBestMatch': True}
{'id': 8009813, 'price': '0.00005249', 'qty': '2.00000000', 'quoteQty': '0.00010498', 'time': 1613936641037, 'isBuyerMaker': False, 'isBestMatch': True}
{'id': 8009814, 'price': '0.00005249', 'qty': '2.00000000', 'quoteQty': '0.00010498', 'time': 1613936641037, 'isBuyerMaker': False, 'isBestMatch': True}
{'id': 8009815, 'price': '0.00005249', 'qty': '2.00000000', 'quoteQty': '0.00010498', 'time': 1613936641037, 'isBuyerMaker': False, 'isBestMatch': True}
{'id': 8009816, 'price': '0.00005249', 'qty': '2.00000000', 'quoteQty': '0.00010498', 'time': 1613936641037, 'isBuyerMaker': False, 'isBestMatch': True}
{'id': 8009817, 'price': '0.00005249', 'qty': '1.00000000', 'quoteQty': '0.00005249', 'time': 1613936641037, 'isBuyerMaker': False, 'isBestMatch': True}
{'id': 8009818, 'price': '0.00005249', 'qty': '1.00000000', 'quoteQty': '0.00005249', 'time': 1613936641037, 'isBuyerMaker': False, 'isBestMatch': True}
{'id': 8009819, 'price': '0.00005250', 'qty': '4.00000000', 'quoteQty': '0.00021000', 'time': 1613936641037, 'isBuyerMaker': False, 'isBestMatch': True}
{'id': 8009820, 'price': '0.00005250', 'qty': '41.00000000', 'quoteQty': '0.00215250', 'time': 1613936641037, 'isBuyerMaker': False, 'isBestMatch': True}
{'id': 8009821, 'price': '0.00005250', 'qty': '7.00000000', 'quoteQty': '0.00036750', 'time': 1613936641037, 'isBuyerMaker': False, 'isBestMatch': True}
{'id': 8009822, 'price': '0.00005250', 'qty': '3.00000000', 'quoteQty': '0.00015750', 'time': 1613936642631, 'isBuyerMaker': True, 'isBestMatch': True}
{'id': 8009823, 'price': '0.00005250', 'qty': '97.00000000', 'quoteQty': '0.00509250', 'time': 1613936650559, 'isBuyerMaker': True, 'isBestMatch': True}
{'id': 8009824, 'price': '0.00005250', 'qty': '49.00000000', 'quoteQty': '0.00257250', 'time': 1613936650598, 'isBuyerMaker': True, 'isBestMatch': True}
{'id': 8009825, 'price': '0.00005251', 'qty': '9.00000000', 'quoteQty': '0.00047259', 'time': 1613936650624, 'isBuyerMaker': False, 'isBestMatch': True}
{'id': 8009826, 'price': '0.00005251', 'qty': '39.00000000', 'quoteQty': '0.00204789', 'time': 1613936650624, 'isBuyerMaker': False, 'isBestMatch': True}
{'id': 8009827, 'price': '0.00005251', 'qty': '28.00000000', 'quoteQty': '0.00147028', 'time': 1613936652828, 'isBuyerMaker': False, 'isBestMatch': True}
{'id': 8009828, 'price': '0.00005253', 'qty': '19.00000000', 'quoteQty': '0.00099807', 'time': 1613936652828, 'isBuyerMaker': False, 'isBestMatch': True}
{'id': 8009829, 'price': '0.00005264', 'qty': '5.00000000', 'quoteQty': '0.00026320', 'time': 1613936652828, 'isBuyerMaker': False, 'isBestMatch': True}
{'id': 8009830, 'price': '0.00005280', 'qty': '3.00000000', 'quoteQty': '0.00015840', 'time': 1613936652828, 'isBuyerMaker': False, 'isBestMatch': True}
{'id': 8009831, 'price': '0.00005280', 'qty': '240.00000000', 'quoteQty': '0.01267200', 'time': 1613936652828, 'isBuyerMaker': False, 'isBestMatch': True}
{'id': 8009832, 'price': '0.00005280', 'qty': '19.00000000', 'quoteQty': '0.00100320', 'time': 1613936652840, 'isBuyerMaker': True, 'isBestMatch': True}
{'id': 8009833, 'price': '0.00005280', 'qty': '6.00000000', 'quoteQty': '0.00031680', 'time': 1613936652841, 'isBuyerMaker': True, 'isBestMatch': True}
{'id': 8009834, 'price': '0.00005280', 'qty': '428.00000000', 'quoteQty': '0.02259840', 'time': 1613936654573, 'isBuyerMaker': False, 'isBestMatch': True}
{'id': 8009835, 'price': '0.00005280', 'qty': '642.00000000', 'quoteQty': '0.03389760', 'time': 1613936654573, 'isBuyerMaker': False, 'isBestMatch': True}
{'id': 8009836, 'price': '0.00005281', 'qty': '3.00000000', 'quoteQty': '0.00015843', 'time': 1613936654573, 'isBuyerMaker': False, 'isBestMatch': True}
{'id': 8009837, 'price': '0.00005282', 'qty': '3.00000000', 'quoteQty': '0.00015846', 'time': 1613936654573, 'isBuyerMaker': False, 'isBestMatch': True}
{'id': 8009838, 'price': '0.00005289', 'qty': '2.00000000', 'quoteQty': '0.00010578', 'time': 1613936654573, 'isBuyerMaker': False, 'isBestMatch': True}
{'id': 8009839, 'price': '0.00005292', 'qty': '19.00000000', 'quoteQty': '0.00100548', 'time': 1613936654573, 'isBuyerMaker': False, 'isBestMatch': True}
{'id': 8009840, 'price': '0.00005293', 'qty': '3.00000000', 'quoteQty': '0.00015879', 'time': 1613936654573, 'isBuyerMaker': False, 'isBestMatch': True}
{'id': 8009841, 'price': '0.00005300', 'qty': '70.00000000', 'quoteQty': '0.00371000', 'time': 1613936654573, 'isBuyerMaker': False, 'isBestMatch': True}
{'id': 8009842, 'price': '0.00005300', 'qty': '32.00000000', 'quoteQty': '0.00169600', 'time': 1613936654573, 'isBuyerMaker': False, 'isBestMatch': True}
{'id': 8009843, 'price': '0.00005300', 'qty': '3.00000000', 'quoteQty': '0.00015900', 'time': 1613936654573, 'isBuyerMaker': False, 'isBestMatch': True}
{'id': 8009844, 'price': '0.00005300', 'qty': '4.00000000', 'quoteQty': '0.00021200', 'time': 1613936654573, 'isBuyerMaker': False, 'isBestMatch': True}
{'id': 8009845, 'price': '0.00005300', 'qty': '19.00000000', 'quoteQty': '0.00100700', 'time': 1613936654573, 'isBuyerMaker': False, 'isBestMatch': True}
{'id': 8009846, 'price': '0.00005300', 'qty': '336.00000000', 'quoteQty': '0.01780800', 'time': 1613936654573, 'isBuyerMaker': False, 'isBestMatch': True}
{'id': 8009847, 'price': '0.00005300', 'qty': '140.00000000', 'quoteQty': '0.00742000', 'time': 1613936654573, 'isBuyerMaker': False, 'isBestMatch': True}
{'id': 8009848, 'price': '0.00005301', 'qty': '19.00000000', 'quoteQty': '0.00100719', 'time': 1613936654573, 'isBuyerMaker': False, 'isBestMatch': True}
{'id': 8009849, 'price': '0.00005304', 'qty': '69.00000000', 'quoteQty': '0.00365976', 'time': 1613936654573, 'isBuyerMaker': False, 'isBestMatch': True}
{'id': 8009850, 'price': '0.00005303', 'qty': '2.00000000', 'quoteQty': '0.00010606', 'time': 1613936664340, 'isBuyerMaker': False, 'isBestMatch': True}
{'id': 8009851, 'price': '0.00005303', 'qty': '2.00000000', 'quoteQty': '0.00010606', 'time': 1613936664340, 'isBuyerMaker': False, 'isBestMatch': True}
{'id': 8009852, 'price': '0.00005303', 'qty': '2.00000000', 'quoteQty': '0.00010606', 'time': 1613936664340, 'isBuyerMaker': False, 'isBestMatch': True}
{'id': 8009853, 'price': '0.00005303', 'qty': '2.00000000', 'quoteQty': '0.00010606', 'time': 1613936664340, 'isBuyerMaker': False, 'isBestMatch': True}
{'id': 8009854, 'price': '0.00005303', 'qty': '2.00000000', 'quoteQty': '0.00010606', 'time': 1613936664340, 'isBuyerMaker': False, 'isBestMatch': True}
{'id': 8009855, 'price': '0.00005303', 'qty': '2.00000000', 'quoteQty': '0.00010606', 'time': 1613936664340, 'isBuyerMaker': False, 'isBestMatch': True}
{'id': 8009856, 'price': '0.00005303', 'qty': '2.00000000', 'quoteQty': '0.00010606', 'time': 1613936664340, 'isBuyerMaker': False, 'isBestMatch': True}
{'id': 8009857, 'price': '0.00005303', 'qty': '2.00000000', 'quoteQty': '0.00010606', 'time': 1613936664340, 'isBuyerMaker': False, 'isBestMatch': True}
{'id': 8009858, 'price': '0.00005303', 'qty': '1.00000000', 'quoteQty': '0.00005303', 'time': 1613936664340, 'isBuyerMaker': False, 'isBestMatch': True}
{'id': 8009859, 'price': '0.00005303', 'qty': '358.00000000', 'quoteQty': '0.01898474', 'time': 1613936664387, 'isBuyerMaker': True, 'isBestMatch': True}
{'id': 8009860, 'price': '0.00005303', 'qty': '225.00000000', 'quoteQty': '0.01193175', 'time': 1613936664389, 'isBuyerMaker': True, 'isBestMatch': True}
{'id': 8009861, 'price': '0.00005303', 'qty': '213.00000000', 'quoteQty': '0.01129539', 'time': 1613936664391, 'isBuyerMaker': True, 'isBestMatch': True}
{'id': 8009862, 'price': '0.00005303', 'qty': '5.00000000', 'quoteQty': '0.00026515', 'time': 1613936664415, 'isBuyerMaker': True, 'isBestMatch': True}
{'id': 8009863, 'price': '0.00005304', 'qty': '54.00000000', 'quoteQty': '0.00286416', 'time': 1613936672901, 'isBuyerMaker': False, 'isBestMatch': True}
{'id': 8009864, 'price': '0.00005305', 'qty': '3.00000000', 'quoteQty': '0.00015915', 'time': 1613936672901, 'isBuyerMaker': False, 'isBestMatch': True}
{'id': 8009865, 'price': '0.00005303', 'qty': '77.00000000', 'quoteQty': '0.00408331', 'time': 1613936678261, 'isBuyerMaker': True, 'isBestMatch': True}
{'id': 8009866, 'price': '0.00005303', 'qty': '176.00000000', 'quoteQty': '0.00933328', 'time': 1613936678261, 'isBuyerMaker': True, 'isBestMatch': True}
{'id': 8009867, 'price': '0.00005306', 'qty': '16.00000000', 'quoteQty': '0.00084896', 'time': 1613936679530, 'isBuyerMaker': False, 'isBestMatch': True}
{'id': 8009868, 'price': '0.00005308', 'qty': '3.00000000', 'quoteQty': '0.00015924', 'time': 1613936679530, 'isBuyerMaker': False, 'isBestMatch': True}
{'id': 8009869, 'price': '0.00005310', 'qty': '9.00000000', 'quoteQty': '0.00047790', 'time': 1613936679530, 'isBuyerMaker': False, 'isBestMatch': True}
{'id': 8009870, 'price': '0.00005314', 'qty': '6.00000000', 'quoteQty': '0.00031884', 'time': 1613936679530, 'isBuyerMaker': False, 'isBestMatch': True}
{'id': 8009871, 'price': '0.00005320', 'qty': '3.00000000', 'quoteQty': '0.00015960', 'time': 1613936679530, 'isBuyerMaker': False, 'isBestMatch': True}
{'id': 8009872, 'price': '0.00005320', 'qty': '4.00000000', 'quoteQty': '0.00021280', 'time': 1613936679540, 'isBuyerMaker': True, 'isBestMatch': True}
{'id': 8009873, 'price': '0.00005321', 'qty': '5.00000000', 'quoteQty': '0.00026605', 'time': 1613936682802, 'isBuyerMaker': False, 'isBestMatch': True}
{'id': 8009874, 'price': '0.00005321', 'qty': '7.00000000', 'quoteQty': '0.00037247', 'time': 1613936682802, 'isBuyerMaker': False, 'isBestMatch': True}
{'id': 8009875, 'price': '0.00005321', 'qty': '47.00000000', 'quoteQty': '0.00250087', 'time': 1613936684848, 'isBuyerMaker': False, 'isBestMatch': True}
{'id': 8009876, 'price': '0.00005321', 'qty': '122.00000000', 'quoteQty': '0.00649162', 'time': 1613936684979, 'isBuyerMaker': False, 'isBestMatch': True}
{'id': 8009877, 'price': '0.00005320', 'qty': '11.00000000', 'quoteQty': '0.00058520', 'time': 1613936686459, 'isBuyerMaker': True, 'isBestMatch': True}
{'id': 8009878, 'price': '0.00005320', 'qty': '485.00000000', 'quoteQty': '0.02580200', 'time': 1613936687493, 'isBuyerMaker': True, 'isBestMatch': True}
{'id': 8009879, 'price': '0.00005290', 'qty': '3.00000000', 'quoteQty': '0.00015870', 'time': 1613936688212, 'isBuyerMaker': True, 'isBestMatch': True}
{'id': 8009880, 'price': '0.00005289', 'qty': '3.00000000', 'quoteQty': '0.00015867', 'time': 1613936688538, 'isBuyerMaker': False, 'isBestMatch': True}
{'id': 8009881, 'price': '0.00005289', 'qty': '431.00000000', 'quoteQty': '0.02279559', 'time': 1613936688538, 'isBuyerMaker': False, 'isBestMatch': True}
{'id': 8009882, 'price': '0.00005243', 'qty': '3.00000000', 'quoteQty': '0.00015729', 'time': 1613936689662, 'isBuyerMaker': True, 'isBestMatch': True}
{'id': 8009883, 'price': '0.00005242', 'qty': '2.00000000', 'quoteQty': '0.00010484', 'time': 1613936689662, 'isBuyerMaker': True, 'isBestMatch': True}
{'id': 8009884, 'price': '0.00005285', 'qty': '3.00000000', 'quoteQty': '0.00015855', 'time': 1613936690131, 'isBuyerMaker': False, 'isBestMatch': True}
{'id': 8009885, 'price': '0.00005250', 'qty': '3.00000000', 'quoteQty': '0.00015750', 'time': 1613936697757, 'isBuyerMaker': True, 'isBestMatch': True}
{'id': 8009886, 'price': '0.00005250', 'qty': '29.00000000', 'quoteQty': '0.00152250', 'time': 1613936697768, 'isBuyerMaker': False, 'isBestMatch': True}
{'id': 8009887, 'price': '0.00005250', 'qty': '22.00000000', 'quoteQty': '0.00115500', 'time': 1613936697782, 'isBuyerMaker': False, 'isBestMatch': True}
{'id': 8009888, 'price': '0.00005249', 'qty': '3.00000000', 'quoteQty': '0.00015747', 'time': 1613936709906, 'isBuyerMaker': False, 'isBestMatch': True}
{'id': 8009889, 'price': '0.00005250', 'qty': '757.00000000', 'quoteQty': '0.03974250', 'time': 1613936709906, 'isBuyerMaker': False, 'isBestMatch': True}
{'id': 8009890, 'price': '0.00005250', 'qty': '328.00000000', 'quoteQty': '0.01722000', 'time': 1613936709906, 'isBuyerMaker': False, 'isBestMatch': True}
{'id': 8009891, 'price': '0.00005250', 'qty': '667.00000000', 'quoteQty': '0.03501750', 'time': 1613936709906, 'isBuyerMaker': False, 'isBestMatch': True}
{'id': 8009892, 'price': '0.00005255', 'qty': '3.00000000', 'quoteQty': '0.00015765', 'time': 1613936712041, 'isBuyerMaker': True, 'isBestMatch': True}
{'id': 8009893, 'price': '0.00005255', 'qty': '79.00000000', 'quoteQty': '0.00415145', 'time': 1613936712041, 'isBuyerMaker': True, 'isBestMatch': True}
{'id': 8009894, 'price': '0.00005288', 'qty': '3.00000000', 'quoteQty': '0.00015864', 'time': 1613936712219, 'isBuyerMaker': False, 'isBestMatch': True}
{'id': 8009895, 'price': '0.00005288', 'qty': '42.00000000', 'quoteQty': '0.00222096', 'time': 1613936712219, 'isBuyerMaker': False, 'isBestMatch': True}
{'id': 8009896, 'price': '0.00005290', 'qty': '110.00000000', 'quoteQty': '0.00581900', 'time': 1613936717923, 'isBuyerMaker': False, 'isBestMatch': True}
{'id': 8009897, 'price': '0.00005290', 'qty': '6.00000000', 'quoteQty': '0.00031740', 'time': 1613936717923, 'isBuyerMaker': False, 'isBestMatch': True}
{'id': 8009898, 'price': '0.00005290', 'qty': '6.00000000', 'quoteQty': '0.00031740', 'time': 1613936717923, 'isBuyerMaker': False, 'isBestMatch': True}
{'id': 8009899, 'price': '0.00005290', 'qty': '6.00000000', 'quoteQty': '0.00031740', 'time': 1613936717923, 'isBuyerMaker': False, 'isBestMatch': True}
{'id': 8009900, 'price': '0.00005290', 'qty': '6.00000000', 'quoteQty': '0.00031740', 'time': 1613936717923, 'isBuyerMaker': False, 'isBestMatch': True}
{'id': 8009901, 'price': '0.00005290', 'qty': '6.00000000', 'quoteQty': '0.00031740', 'time': 1613936717923, 'isBuyerMaker': False, 'isBestMatch': True}
{'id': 8009902, 'price': '0.00005290', 'qty': '6.00000000', 'quoteQty': '0.00031740', 'time': 1613936717923, 'isBuyerMaker': False, 'isBestMatch': True}
{'id': 8009903, 'price': '0.00005290', 'qty': '6.00000000', 'quoteQty': '0.00031740', 'time': 1613936717923, 'isBuyerMaker': False, 'isBestMatch': True}
{'id': 8009904, 'price': '0.00005290', 'qty': '6.00000000', 'quoteQty': '0.00031740', 'time': 1613936717923, 'isBuyerMaker': False, 'isBestMatch': True}
{'id': 8009905, 'price': '0.00005290', 'qty': '6.00000000', 'quoteQty': '0.00031740', 'time': 1613936717923, 'isBuyerMaker': False, 'isBestMatch': True}
{'id': 8009906, 'price': '0.00005290', 'qty': '6.00000000', 'quoteQty': '0.00031740', 'time': 1613936717923, 'isBuyerMaker': False, 'isBestMatch': True}
{'id': 8009907, 'price': '0.00005302', 'qty': '37.00000000', 'quoteQty': '0.00196174', 'time': 1613936717923, 'isBuyerMaker': False, 'isBestMatch': True}
{'id': 8009908, 'price': '0.00005303', 'qty': '169.00000000', 'quoteQty': '0.00896207', 'time': 1613936717923, 'isBuyerMaker': False, 'isBestMatch': True}
{'id': 8009909, 'price': '0.00005303', 'qty': '36.00000000', 'quoteQty': '0.00190908', 'time': 1613936717923, 'isBuyerMaker': False, 'isBestMatch': True}
{'id': 8009910, 'price': '0.00005325', 'qty': '119.00000000', 'quoteQty': '0.00633675', 'time': 1613936717923, 'isBuyerMaker': False, 'isBestMatch': True}
{'id': 8009911, 'price': '0.00005326', 'qty': '42.00000000', 'quoteQty': '0.00223692', 'time': 1613936717923, 'isBuyerMaker': False, 'isBestMatch': True}
{'id': 8009912, 'price': '0.00005339', 'qty': '28.00000000', 'quoteQty': '0.00149492', 'time': 1613936717923, 'isBuyerMaker': False, 'isBestMatch': True}
{'id': 8009913, 'price': '0.00005346', 'qty': '18.00000000', 'quoteQty': '0.00096228', 'time': 1613936717923, 'isBuyerMaker': False, 'isBestMatch': True}
{'id': 8009914, 'price': '0.00005347', 'qty': '2.00000000', 'quoteQty': '0.00010694', 'time': 1613936717923, 'isBuyerMaker': False, 'isBestMatch': True}
{'id': 8009915, 'price': '0.00005350', 'qty': '50.00000000', 'quoteQty': '0.00267500', 'time': 1613936717923, 'isBuyerMaker': False, 'isBestMatch': True}
{'id': 8009916, 'price': '0.00005356', 'qty': '3.00000000', 'quoteQty': '0.00016068', 'time': 1613936717923, 'isBuyerMaker': False, 'isBestMatch': True}
{'id': 8009917, 'price': '0.00005360', 'qty': '3.00000000', 'quoteQty': '0.00016080', 'time': 1613936717923, 'isBuyerMaker': False, 'isBestMatch': True}
{'id': 8009918, 'price': '0.00005369', 'qty': '3.00000000', 'quoteQty': '0.00016107', 'time': 1613936717923, 'isBuyerMaker': False, 'isBestMatch': True}
{'id': 8009919, 'price': '0.00005369', 'qty': '9.00000000', 'quoteQty': '0.00048321', 'time': 1613936717923, 'isBuyerMaker': False, 'isBestMatch': True}
{'id': 8009920, 'price': '0.00005372', 'qty': '241.00000000', 'quoteQty': '0.01294652', 'time': 1613936717923, 'isBuyerMaker': False, 'isBestMatch': True}
{'id': 8009921, 'price': '0.00005295', 'qty': '3.00000000', 'quoteQty': '0.00015885', 'time': 1613936718402, 'isBuyerMaker': True, 'isBestMatch': True}
{'id': 8009922, 'price': '0.00005295', 'qty': '138.00000000', 'quoteQty': '0.00730710', 'time': 1613936718402, 'isBuyerMaker': True, 'isBestMatch': True}
{'id': 8009923, 'price': '0.00005302', 'qty': '3.00000000', 'quoteQty': '0.00015906', 'time': 1613936721081, 'isBuyerMaker': True, 'isBestMatch': True}
{'id': 8009924, 'price': '0.00005302', 'qty': '41.00000000', 'quoteQty': '0.00217382', 'time': 1613936721081, 'isBuyerMaker': True, 'isBestMatch': True}
{'id': 8009925, 'price': '0.00005329', 'qty': '3.00000000', 'quoteQty': '0.00015987', 'time': 1613936724804, 'isBuyerMaker': False, 'isBestMatch': True}
{'id': 8009926, 'price': '0.00005330', 'qty': '59.00000000', 'quoteQty': '0.00314470', 'time': 1613936724804, 'isBuyerMaker': False, 'isBestMatch': True}
{'id': 8009927, 'price': '0.00005368', 'qty': '74.00000000', 'quoteQty': '0.00397232', 'time': 1613936724804, 'isBuyerMaker': False, 'isBestMatch': True}
{'id': 8009928, 'price': '0.00005320', 'qty': '3.00000000', 'quoteQty': '0.00015960', 'time': 1613936728054, 'isBuyerMaker': True, 'isBestMatch': True}
{'id': 8009929, 'price': '0.00005319', 'qty': '97.00000000', 'quoteQty': '0.00515943', 'time': 1613936728054, 'isBuyerMaker': True, 'isBestMatch': True}
{'id': 8009930, 'price': '0.00005305', 'qty': '46.00000000', 'quoteQty': '0.00244030', 'time': 1613936728054, 'isBuyerMaker': True, 'isBestMatch': True}
{'id': 8009931, 'price': '0.00005308', 'qty': '30.00000000', 'quoteQty': '0.00159240', 'time': 1613936729771, 'isBuyerMaker': True, 'isBestMatch': True}
{'id': 8009932, 'price': '0.00005310', 'qty': '84.00000000', 'quoteQty': '0.00446040', 'time': 1613936730260, 'isBuyerMaker': True, 'isBestMatch': True}
{'id': 8009933, 'price': '0.00005309', 'qty': '1.00000000', 'quoteQty': '0.00005309', 'time': 1613936730260, 'isBuyerMaker': True, 'isBestMatch': True}
{'id': 8009934, 'price': '0.00005307', 'qty': '97.00000000', 'quoteQty': '0.00514779', 'time': 1613936732197, 'isBuyerMaker': True, 'isBestMatch': True}
{'id': 8009935, 'price': '0.00005310', 'qty': '127.00000000', 'quoteQty': '0.00674370', 'time': 1613936752193, 'isBuyerMaker': True, 'isBestMatch': True}
{'id': 8009936, 'price': '0.00005307', 'qty': '4.00000000', 'quoteQty': '0.00021228', 'time': 1613936752193, 'isBuyerMaker': True, 'isBestMatch': True}
{'id': 8009937, 'price': '0.00005307', 'qty': '22.00000000', 'quoteQty': '0.00116754', 'time': 1613936752193, 'isBuyerMaker': True, 'isBestMatch': True}
{'id': 8009938, 'price': '0.00005307', 'qty': '188.00000000', 'quoteQty': '0.00997716', 'time': 1613936752193, 'isBuyerMaker': True, 'isBestMatch': True}
{'id': 8009939, 'price': '0.00005305', 'qty': '11.00000000', 'quoteQty': '0.00058355', 'time': 1613936756149, 'isBuyerMaker': False, 'isBestMatch': True}
{'id': 8009940, 'price': '0.00005306', 'qty': '37.00000000', 'quoteQty': '0.00196322', 'time': 1613936756149, 'isBuyerMaker': False, 'isBestMatch': True}
{'id': 8009941, 'price': '0.00005321', 'qty': '2.00000000', 'quoteQty': '0.00010642', 'time': 1613936756149, 'isBuyerMaker': False, 'isBestMatch': True}
{'id': 8009942, 'price': '0.00005321', 'qty': '1.00000000', 'quoteQty': '0.00005321', 'time': 1613936756149, 'isBuyerMaker': False, 'isBestMatch': True}
{'id': 8009943, 'price': '0.00005326', 'qty': '3.00000000', 'quoteQty': '0.00015978', 'time': 1613936756149, 'isBuyerMaker': False, 'isBestMatch': True}
{'id': 8009944, 'price': '0.00005351', 'qty': '101.00000000', 'quoteQty': '0.00540451', 'time': 1613936756149, 'isBuyerMaker': False, 'isBestMatch': True}
{'id': 8009945, 'price': '0.00005352', 'qty': '28.00000000', 'quoteQty': '0.00149856', 'time': 1613936756149, 'isBuyerMaker': False, 'isBestMatch': True}
{'id': 8009946, 'price': '0.00005307', 'qty': '3.00000000', 'quoteQty': '0.00015921', 'time': 1613936762413, 'isBuyerMaker': True, 'isBestMatch': True}
{'id': 8009947, 'price': '0.00005306', 'qty': '79.00000000', 'quoteQty': '0.00419174', 'time': 1613936764897, 'isBuyerMaker': False, 'isBestMatch': True}
{'id': 8009948, 'price': '0.00005306', 'qty': '4.00000000', 'quoteQty': '0.00021224', 'time': 1613936765218, 'isBuyerMaker': False, 'isBestMatch': True}
{'id': 8009949, 'price': '0.00005302', 'qty': '2.00000000', 'quoteQty': '0.00010604', 'time': 1613936767709, 'isBuyerMaker': True, 'isBestMatch': True}
{'id': 8009950, 'price': '0.00005302', 'qty': '8.00000000', 'quoteQty': '0.00042416', 'time': 1613936767709, 'isBuyerMaker': True, 'isBestMatch': True}
{'id': 8009951, 'price': '0.00005306', 'qty': '11.00000000', 'quoteQty': '0.00058366', 'time': 1613936770479, 'isBuyerMaker': False, 'isBestMatch': True}
{'id': 8009952, 'price': '0.00005306', 'qty': '47.00000000', 'quoteQty': '0.00249382', 'time': 1613936770941, 'isBuyerMaker': False, 'isBestMatch': True}
{'id': 8009953, 'price': '0.00005306', 'qty': '306.00000000', 'quoteQty': '0.01623636', 'time': 1613936771910, 'isBuyerMaker': False, 'isBestMatch': True}
{'id': 8009954, 'price': '0.00005338', 'qty': '3.00000000', 'quoteQty': '0.00016014', 'time': 1613936771910, 'isBuyerMaker': False, 'isBestMatch': True}
{'id': 8009955, 'price': '0.00005354', 'qty': '51.00000000', 'quoteQty': '0.00273054', 'time': 1613936771910, 'isBuyerMaker': False, 'isBestMatch': True}
{'id': 8009956, 'price': '0.00005355', 'qty': '84.00000000', 'quoteQty': '0.00449820', 'time': 1613936771910, 'isBuyerMaker': False, 'isBestMatch': True}
{'id': 8009957, 'price': '0.00005357', 'qty': '7.00000000', 'quoteQty': '0.00037499', 'time': 1613936771910, 'isBuyerMaker': False, 'isBestMatch': True}
{'id': 8009958, 'price': '0.00005343', 'qty': '3.00000000', 'quoteQty': '0.00016029', 'time': 1613936778342, 'isBuyerMaker': False, 'isBestMatch': True}
{'id': 8009959, 'price': '0.00005344', 'qty': '25.00000000', 'quoteQty': '0.00133600', 'time': 1613936778342, 'isBuyerMaker': False, 'isBestMatch': True}
{'id': 8009960, 'price': '0.00005357', 'qty': '6.00000000', 'quoteQty': '0.00032142', 'time': 1613936778342, 'isBuyerMaker': False, 'isBestMatch': True}
{'id': 8009961, 'price': '0.00005320', 'qty': '3.00000000', 'quoteQty': '0.00015960', 'time': 1613936779835, 'isBuyerMaker': True, 'isBestMatch': True}
{'id': 8009962, 'price': '0.00005320', 'qty': '77.00000000', 'quoteQty': '0.00409640', 'time': 1613936779835, 'isBuyerMaker': True, 'isBestMatch': True}
{'id': 8009963, 'price': '0.00005321', 'qty': '3.00000000', 'quoteQty': '0.00015963', 'time': 1613936781506, 'isBuyerMaker': True, 'isBestMatch': True}
{'id': 8009964, 'price': '0.00005314', 'qty': '99.00000000', 'quoteQty': '0.00526086', 'time': 1613936812504, 'isBuyerMaker': False, 'isBestMatch': True}
{'id': 8009965, 'price': '0.00005314', 'qty': '7.00000000', 'quoteQty': '0.00037198', 'time': 1613936812504, 'isBuyerMaker': False, 'isBestMatch': True}
{'id': 8009966, 'price': '0.00005314', 'qty': '2.00000000', 'quoteQty': '0.00010628', 'time': 1613936812504, 'isBuyerMaker': False, 'isBestMatch': True}
{'id': 8009967, 'price': '0.00005314', 'qty': '7.00000000', 'quoteQty': '0.00037198', 'time': 1613936812504, 'isBuyerMaker': False, 'isBestMatch': True}
{'id': 8009968, 'price': '0.00005314', 'qty': '2.00000000', 'quoteQty': '0.00010628', 'time': 1613936812504, 'isBuyerMaker': False, 'isBestMatch': True}
{'id': 8009969, 'price': '0.00005314', 'qty': '7.00000000', 'quoteQty': '0.00037198', 'time': 1613936812504, 'isBuyerMaker': False, 'isBestMatch': True}
{'id': 8009970, 'price': '0.00005314', 'qty': '2.00000000', 'quoteQty': '0.00010628', 'time': 1613936812504, 'isBuyerMaker': False, 'isBestMatch': True}
{'id': 8009971, 'price': '0.00005314', 'qty': '7.00000000', 'quoteQty': '0.00037198', 'time': 1613936812504, 'isBuyerMaker': False, 'isBestMatch': True}
{'id': 8009972, 'price': '0.00005314', 'qty': '1.00000000', 'quoteQty': '0.00005314', 'time': 1613936812504, 'isBuyerMaker': False, 'isBestMatch': True}
{'id': 8009973, 'price': '0.00005314', 'qty': '7.00000000', 'quoteQty': '0.00037198', 'time': 1613936812504, 'isBuyerMaker': False, 'isBestMatch': True}
{'id': 8009974, 'price': '0.00005314', 'qty': '7.00000000', 'quoteQty': '0.00037198', 'time': 1613936812504, 'isBuyerMaker': False, 'isBestMatch': True}
{'id': 8009975, 'price': '0.00005314', 'qty': '7.00000000', 'quoteQty': '0.00037198', 'time': 1613936812504, 'isBuyerMaker': False, 'isBestMatch': True}
{'id': 8009976, 'price': '0.00005314', 'qty': '7.00000000', 'quoteQty': '0.00037198', 'time': 1613936812504, 'isBuyerMaker': False, 'isBestMatch': True}
{'id': 8009977, 'price': '0.00005314', 'qty': '7.00000000', 'quoteQty': '0.00037198', 'time': 1613936812504, 'isBuyerMaker': False, 'isBestMatch': True}
{'id': 8009978, 'price': '0.00005314', 'qty': '7.00000000', 'quoteQty': '0.00037198', 'time': 1613936812504, 'isBuyerMaker': False, 'isBestMatch': True}
{'id': 8009979, 'price': '0.00005315', 'qty': '78.00000000', 'quoteQty': '0.00414570', 'time': 1613936812504, 'isBuyerMaker': False, 'isBestMatch': True}
{'id': 8009980, 'price': '0.00005319', 'qty': '97.00000000', 'quoteQty': '0.00515943', 'time': 1613936812504, 'isBuyerMaker': False, 'isBestMatch': True}
{'id': 8009981, 'price': '0.00005320', 'qty': '301.00000000', 'quoteQty': '0.01601320', 'time': 1613936812504, 'isBuyerMaker': False, 'isBestMatch': True}
{'id': 8009982, 'price': '0.00005321', 'qty': '202.00000000', 'quoteQty': '0.01074842', 'time': 1613936816188, 'isBuyerMaker': True, 'isBestMatch': True}
{'id': 8009983, 'price': '0.00005321', 'qty': '6.00000000', 'quoteQty': '0.00031926', 'time': 1613936816426, 'isBuyerMaker': True, 'isBestMatch': True}
{'id': 8009984, 'price': '0.00005321', 'qty': '163.00000000', 'quoteQty': '0.00867323', 'time': 1613936827367, 'isBuyerMaker': True, 'isBestMatch': True}
{'id': 8009985, 'price': '0.00005321', 'qty': '663.00000000', 'quoteQty': '0.03527823', 'time': 1613936827367, 'isBuyerMaker': True, 'isBestMatch': True}
{'id': 8009986, 'price': '0.00005321', 'qty': '5.00000000', 'quoteQty': '0.00026605', 'time': 1613936830592, 'isBuyerMaker': False, 'isBestMatch': True}
{'id': 8009987, 'price': '0.00005321', 'qty': '63.00000000', 'quoteQty': '0.00335223', 'time': 1613936834410, 'isBuyerMaker': False, 'isBestMatch': True}
{'id': 8009988, 'price': '0.00005322', 'qty': '45.00000000', 'quoteQty': '0.00239490', 'time': 1613936836533, 'isBuyerMaker': True, 'isBestMatch': True}
{'id': 8009989, 'price': '0.00005310', 'qty': '5.00000000', 'quoteQty': '0.00026550', 'time': 1613936849817, 'isBuyerMaker': True, 'isBestMatch': True}
{'id': 8009990, 'price': '0.00005310', 'qty': '4.00000000', 'quoteQty': '0.00021240', 'time': 1613936864507, 'isBuyerMaker': True, 'isBestMatch': True}
{'id': 8009991, 'price': '0.00005307', 'qty': '19.00000000', 'quoteQty': '0.00100833', 'time': 1613936864507, 'isBuyerMaker': True, 'isBestMatch': True}
{'id': 8009992, 'price': '0.00005307', 'qty': '7.00000000', 'quoteQty': '0.00037149', 'time': 1613936864507, 'isBuyerMaker': True, 'isBestMatch': True}
{'id': 8009993, 'price': '0.00005307', 'qty': '78.00000000', 'quoteQty': '0.00413946', 'time': 1613936866163, 'isBuyerMaker': True, 'isBestMatch': True}
{'id': 8009994, 'price': '0.00005307', 'qty': '34.00000000', 'quoteQty': '0.00180438', 'time': 1613936868924, 'isBuyerMaker': True, 'isBestMatch': True}
{'id': 8009995, 'price': '0.00005306', 'qty': '19.00000000', 'quoteQty': '0.00100814', 'time': 1613936869040, 'isBuyerMaker': True, 'isBestMatch': True}
{'id': 8009996, 'price': '0.00005302', 'qty': '215.00000000', 'quoteQty': '0.01139930', 'time': 1613936870599, 'isBuyerMaker': True, 'isBestMatch': True}
{'id': 8009997, 'price': '0.00005302', 'qty': '125.00000000', 'quoteQty': '0.00662750', 'time': 1613936870607, 'isBuyerMaker': True, 'isBestMatch': True}
{'id': 8009998, 'price': '0.00005302', 'qty': '56.00000000', 'quoteQty': '0.00296912', 'time': 1613936876330, 'isBuyerMaker': True, 'isBestMatch': True}
{'id': 8009999, 'price': '0.00005302', 'qty': '12.00000000', 'quoteQty': '0.00063624', 'time': 1613936884056, 'isBuyerMaker': True, 'isBestMatch': True}
{'id': 8010000, 'price': '0.00005302', 'qty': '93.00000000', 'quoteQty': '0.00493086', 'time': 1613936884131, 'isBuyerMaker': True, 'isBestMatch': True}
{'id': 8010001, 'price': '0.00005302', 'qty': '133.00000000', 'quoteQty': '0.00705166', 'time': 1613936886986, 'isBuyerMaker': True, 'isBestMatch': True}
{'id': 8010002, 'price': '0.00005298', 'qty': '2.00000000', 'quoteQty': '0.00010596', 'time': 1613936887831, 'isBuyerMaker': False, 'isBestMatch': True}
{'id': 8010003, 'price': '0.00005292', 'qty': '18.00000000', 'quoteQty': '0.00095256', 'time': 1613936887831, 'isBuyerMaker': True, 'isBestMatch': True}
{'id': 8010004, 'price': '0.00005283', 'qty': '3.00000000', 'quoteQty': '0.00015849', 'time': 1613936887831, 'isBuyerMaker': True, 'isBestMatch': True}
{'id': 8010005, 'price': '0.00005276', 'qty': '3.00000000', 'quoteQty': '0.00015828', 'time': 1613936887831, 'isBuyerMaker': True, 'isBestMatch': True}
{'id': 8010006, 'price': '0.00005274', 'qty': '19.00000000', 'quoteQty': '0.00100206', 'time': 1613936887831, 'isBuyerMaker': True, 'isBestMatch': True}
{'id': 8010007, 'price': '0.00005270', 'qty': '25.00000000', 'quoteQty': '0.00131750', 'time': 1613936887841, 'isBuyerMaker': False, 'isBestMatch': True}
{'id': 8010008, 'price': '0.00005270', 'qty': '16.00000000', 'quoteQty': '0.00084320', 'time': 1613936887842, 'isBuyerMaker': False, 'isBestMatch': True}
{'id': 8010009, 'price': '0.00005269', 'qty': '13.00000000', 'quoteQty': '0.00068497', 'time': 1613936888316, 'isBuyerMaker': False, 'isBestMatch': True}
{'id': 8010010, 'price': '0.00005264', 'qty': '5.00000000', 'quoteQty': '0.00026320', 'time': 1613936888331, 'isBuyerMaker': True, 'isBestMatch': True}
{'id': 8010011, 'price': '0.00005251', 'qty': '9.00000000', 'quoteQty': '0.00047259', 'time': 1613936890676, 'isBuyerMaker': True, 'isBestMatch': True}
{'id': 8010012, 'price': '0.00005241', 'qty': '19.00000000', 'quoteQty': '0.00099579', 'time': 1613936890676, 'isBuyerMaker': True, 'isBestMatch': True}
{'id': 8010013, 'price': '0.00005238', 'qty': '19.00000000', 'quoteQty': '0.00099522', 'time': 1613936890676, 'isBuyerMaker': True, 'isBestMatch': True}
{'id': 8010014, 'price': '0.00005221', 'qty': '3.00000000', 'quoteQty': '0.00015663', 'time': 1613936890676, 'isBuyerMaker': True, 'isBestMatch': True}
{'id': 8010015, 'price': '0.00005216', 'qty': '71.00000000', 'quoteQty': '0.00370336', 'time': 1613936890676, 'isBuyerMaker': True, 'isBestMatch': True}
{'id': 8010016, 'price': '0.00005260', 'qty': '3.00000000', 'quoteQty': '0.00015780', 'time': 1613936892888, 'isBuyerMaker': False, 'isBestMatch': True}
{'id': 8010017, 'price': '0.00005230', 'qty': '3.00000000', 'quoteQty': '0.00015690', 'time': 1613936906468, 'isBuyerMaker': True, 'isBestMatch': True}
{'id': 8010018, 'price': '0.00005229', 'qty': '211.00000000', 'quoteQty': '0.01103319', 'time': 1613936906468, 'isBuyerMaker': True, 'isBestMatch': True}
{'id': 8010019, 'price': '0.00005226', 'qty': '94.00000000', 'quoteQty': '0.00491244', 'time': 1613936912168, 'isBuyerMaker': True, 'isBestMatch': True}
{'id': 8010020, 'price': '0.00005226', 'qty': '3.00000000', 'quoteQty': '0.00015678', 'time': 1613936912168, 'isBuyerMaker': True, 'isBestMatch': True}
{'id': 8010021, 'price': '0.00005226', 'qty': '364.00000000', 'quoteQty': '0.01902264', 'time': 1613936913092, 'isBuyerMaker': True, 'isBestMatch': True}
{'id': 8010022, 'price': '0.00005226', 'qty': '57.00000000', 'quoteQty': '0.00297882', 'time': 1613936916827, 'isBuyerMaker': True, 'isBestMatch': True}
{'id': 8010023, 'price': '0.00005226', 'qty': '10.00000000', 'quoteQty': '0.00052260', 'time': 1613936924141, 'isBuyerMaker': True, 'isBestMatch': True}
{'id': 8010024, 'price': '0.00005226', 'qty': '59.00000000', 'quoteQty': '0.00308334', 'time': 1613936931011, 'isBuyerMaker': True, 'isBestMatch': True}
{'id': 8010025, 'price': '0.00005227', 'qty': '3.00000000', 'quoteQty': '0.00015681', 'time': 1613936948487, 'isBuyerMaker': False, 'isBestMatch': True}
{'id': 8010026, 'price': '0.00005216', 'qty': '52.00000000', 'quoteQty': '0.00271232', 'time': 1613936951949, 'isBuyerMaker': True, 'isBestMatch': True}
{'id': 8010027, 'price': '0.00005216', 'qty': '2.00000000', 'quoteQty': '0.00010432', 'time': 1613936951949, 'isBuyerMaker': True, 'isBestMatch': True}
{'id': 8010028, 'price': '0.00005216', 'qty': '2.00000000', 'quoteQty': '0.00010432', 'time': 1613936951949, 'isBuyerMaker': True, 'isBestMatch': True}
{'id': 8010029, 'price': '0.00005216', 'qty': '2.00000000', 'quoteQty': '0.00010432', 'time': 1613936951949, 'isBuyerMaker': True, 'isBestMatch': True}
{'id': 8010030, 'price': '0.00005216', 'qty': '2.00000000', 'quoteQty': '0.00010432', 'time': 1613936951949, 'isBuyerMaker': True, 'isBestMatch': True}
{'id': 8010031, 'price': '0.00005216', 'qty': '2.00000000', 'quoteQty': '0.00010432', 'time': 1613936951949, 'isBuyerMaker': True, 'isBestMatch': True}
{'id': 8010032, 'price': '0.00005216', 'qty': '2.00000000', 'quoteQty': '0.00010432', 'time': 1613936951949, 'isBuyerMaker': True, 'isBestMatch': True}
{'id': 8010033, 'price': '0.00005216', 'qty': '2.00000000', 'quoteQty': '0.00010432', 'time': 1613936951949, 'isBuyerMaker': True, 'isBestMatch': True}
{'id': 8010034, 'price': '0.00005216', 'qty': '2.00000000', 'quoteQty': '0.00010432', 'time': 1613936951949, 'isBuyerMaker': True, 'isBestMatch': True}
{'id': 8010035, 'price': '0.00005216', 'qty': '2.00000000', 'quoteQty': '0.00010432', 'time': 1613936951949, 'isBuyerMaker': True, 'isBestMatch': True}
{'id': 8010036, 'price': '0.00005209', 'qty': '3.00000000', 'quoteQty': '0.00015627', 'time': 1613936951949, 'isBuyerMaker': True, 'isBestMatch': True}
{'id': 8010037, 'price': '0.00005208', 'qty': '19.00000000', 'quoteQty': '0.00098952', 'time': 1613936951949, 'isBuyerMaker': True, 'isBestMatch': True}
{'id': 8010038, 'price': '0.00005207', 'qty': '5.00000000', 'quoteQty': '0.00026035', 'time': 1613936951949, 'isBuyerMaker': True, 'isBestMatch': True}
{'id': 8010039, 'price': '0.00005203', 'qty': '105.00000000', 'quoteQty': '0.00546315', 'time': 1613936951949, 'isBuyerMaker': True, 'isBestMatch': True}
{'id': 8010040, 'price': '0.00005202', 'qty': '3.00000000', 'quoteQty': '0.00015606', 'time': 1613936951949, 'isBuyerMaker': True, 'isBestMatch': True}
{'id': 8010041, 'price': '0.00005200', 'qty': '795.00000000', 'quoteQty': '0.04134000', 'time': 1613936951949, 'isBuyerMaker': True, 'isBestMatch': True}
{'id': 8010042, 'price': '0.00005226', 'qty': '3.00000000', 'quoteQty': '0.00015678', 'time': 1613936953663, 'isBuyerMaker': False, 'isBestMatch': True}
{'id': 8010043, 'price': '0.00005227', 'qty': '12.00000000', 'quoteQty': '0.00062724', 'time': 1613936953663, 'isBuyerMaker': False, 'isBestMatch': True}
{'id': 8010044, 'price': '0.00005247', 'qty': '95.00000000', 'quoteQty': '0.00498465', 'time': 1613936953663, 'isBuyerMaker': False, 'isBestMatch': True}
{'id': 8010045, 'price': '0.00005246', 'qty': '3.00000000', 'quoteQty': '0.00015738', 'time': 1613936958912, 'isBuyerMaker': False, 'isBestMatch': True}
{'id': 8010046, 'price': '0.00005248', 'qty': '16.00000000', 'quoteQty': '0.00083968', 'time': 1613936960075, 'isBuyerMaker': False, 'isBestMatch': True}
{'id': 8010047, 'price': '0.00005248', 'qty': '5.00000000', 'quoteQty': '0.00026240', 'time': 1613936960077, 'isBuyerMaker': False, 'isBestMatch': True}
{'id': 8010048, 'price': '0.00005220', 'qty': '3.00000000', 'quoteQty': '0.00015660', 'time': 1613936960905, 'isBuyerMaker': True, 'isBestMatch': True}
{'id': 8010049, 'price': '0.00005219', 'qty': '42.00000000', 'quoteQty': '0.00219198', 'time': 1613936960905, 'isBuyerMaker': True, 'isBestMatch': True}
{'id': 8010050, 'price': '0.00005247', 'qty': '3.00000000', 'quoteQty': '0.00015741', 'time': 1613936961131, 'isBuyerMaker': False, 'isBestMatch': True}
{'id': 8010051, 'price': '0.00005248', 'qty': '3.00000000', 'quoteQty': '0.00015744', 'time': 1613936961131, 'isBuyerMaker': False, 'isBestMatch': True}
{'id': 8010052, 'price': '0.00005226', 'qty': '6.00000000', 'quoteQty': '0.00031356', 'time': 1613936966343, 'isBuyerMaker': False, 'isBestMatch': True}
{'id': 8010053, 'price': '0.00005226', 'qty': '389.00000000', 'quoteQty': '0.02032914', 'time': 1613936969795, 'isBuyerMaker': False, 'isBestMatch': True}
{'id': 8010054, 'price': '0.00005226', 'qty': '3.00000000', 'quoteQty': '0.00015678', 'time': 1613936990586, 'isBuyerMaker': True, 'isBestMatch': True}
{'id': 8010055, 'price': '0.00005222', 'qty': '8.00000000', 'quoteQty': '0.00041776', 'time': 1613936990586, 'isBuyerMaker': True, 'isBestMatch': True}
{'id': 8010056, 'price': '0.00005223', 'qty': '3.00000000', 'quoteQty': '0.00015669', 'time': 1613936995534, 'isBuyerMaker': True, 'isBestMatch': True}
{'id': 8010057, 'price': '0.00005222', 'qty': '5.00000000', 'quoteQty': '0.00026110', 'time': 1613936995534, 'isBuyerMaker': True, 'isBestMatch': True}
{'id': 8010058, 'price': '0.00005222', 'qty': '13.00000000', 'quoteQty': '0.00067886', 'time': 1613936995534, 'isBuyerMaker': True, 'isBestMatch': True}
{'id': 8010059, 'price': '0.00005222', 'qty': '13.00000000', 'quoteQty': '0.00067886', 'time': 1613936995534, 'isBuyerMaker': True, 'isBestMatch': True}
{'id': 8010060, 'price': '0.00005222', 'qty': '13.00000000', 'quoteQty': '0.00067886', 'time': 1613936995534, 'isBuyerMaker': True, 'isBestMatch': True}
{'id': 8010061, 'price': '0.00005222', 'qty': '13.00000000', 'quoteQty': '0.00067886', 'time': 1613936995534, 'isBuyerMaker': True, 'isBestMatch': True}
{'id': 8010062, 'price': '0.00005222', 'qty': '13.00000000', 'quoteQty': '0.00067886', 'time': 1613936995534, 'isBuyerMaker': True, 'isBestMatch': True}
{'id': 8010063, 'price': '0.00005222', 'qty': '13.00000000', 'quoteQty': '0.00067886', 'time': 1613936995534, 'isBuyerMaker': True, 'isBestMatch': True}
{'id': 8010064, 'price': '0.00005222', 'qty': '13.00000000', 'quoteQty': '0.00067886', 'time': 1613936995534, 'isBuyerMaker': True, 'isBestMatch': True}
{'id': 8010065, 'price': '0.00005222', 'qty': '13.00000000', 'quoteQty': '0.00067886', 'time': 1613936995534, 'isBuyerMaker': True, 'isBestMatch': True}
{'id': 8010066, 'price': '0.00005222', 'qty': '13.00000000', 'quoteQty': '0.00067886', 'time': 1613936995534, 'isBuyerMaker': True, 'isBestMatch': True}
{'id': 8010067, 'price': '0.00005201', 'qty': '79.00000000', 'quoteQty': '0.00410879', 'time': 1613936995534, 'isBuyerMaker': True, 'isBestMatch': True}
{'id': 8010068, 'price': '0.00005200', 'qty': '899.00000000', 'quoteQty': '0.04674800', 'time': 1613936995534, 'isBuyerMaker': True, 'isBestMatch': True}
{'id': 8010069, 'price': '0.00005200', 'qty': '24.00000000', 'quoteQty': '0.00124800', 'time': 1613936995542, 'isBuyerMaker': False, 'isBestMatch': True}
{'id': 8010070, 'price': '0.00005200', 'qty': '8.00000000', 'quoteQty': '0.00041600', 'time': 1613936995553, 'isBuyerMaker': False, 'isBestMatch': True}
{'id': 8010071, 'price': '0.00005200', 'qty': '12.00000000', 'quoteQty': '0.00062400', 'time': 1613936995567, 'isBuyerMaker': False, 'isBestMatch': True}
{'id': 8010072, 'price': '0.00005197', 'qty': '6.00000000', 'quoteQty': '0.00031182', 'time': 1613937000405, 'isBuyerMaker': True, 'isBestMatch': True}
{'id': 8010073, 'price': '0.00005192', 'qty': '9.00000000', 'quoteQty': '0.00046728', 'time': 1613937006642, 'isBuyerMaker': True, 'isBestMatch': True}
{'id': 8010074, 'price': '0.00005185', 'qty': '127.00000000', 'quoteQty': '0.00658495', 'time': 1613937006642, 'isBuyerMaker': True, 'isBestMatch': True}
{'id': 8010075, 'price': '0.00005185', 'qty': '128.00000000', 'quoteQty': '0.00663680', 'time': 1613937012248, 'isBuyerMaker': True, 'isBestMatch': True}
{'id': 8010076, 'price': '0.00005185', 'qty': '2.00000000', 'quoteQty': '0.00010370', 'time': 1613937012248, 'isBuyerMaker': True, 'isBestMatch': True}
{'id': 8010077, 'price': '0.00005185', 'qty': '2.00000000', 'quoteQty': '0.00010370', 'time': 1613937012248, 'isBuyerMaker': True, 'isBestMatch': True}
{'id': 8010078, 'price': '0.00005185', 'qty': '2.00000000', 'quoteQty': '0.00010370', 'time': 1613937012248, 'isBuyerMaker': True, 'isBestMatch': True}
{'id': 8010079, 'price': '0.00005185', 'qty': '38.00000000', 'quoteQty': '0.00197030', 'time': 1613937023858, 'isBuyerMaker': False, 'isBestMatch': True}
{'id': 8010080, 'price': '0.00005184', 'qty': '19.00000000', 'quoteQty': '0.00098496', 'time': 1613937026058, 'isBuyerMaker': True, 'isBestMatch': True}
{'id': 8010081, 'price': '0.00005177', 'qty': '86.00000000', 'quoteQty': '0.00445222', 'time': 1613937033056, 'isBuyerMaker': True, 'isBestMatch': True}
{'id': 8010082, 'price': '0.00005175', 'qty': '19.00000000', 'quoteQty': '0.00098325', 'time': 1613937033056, 'isBuyerMaker': True, 'isBestMatch': True}
{'id': 8010083, 'price': '0.00005175', 'qty': '333.00000000', 'quoteQty': '0.01723275', 'time': 1613937033056, 'isBuyerMaker': True, 'isBestMatch': True}
{'id': 8010084, 'price': '0.00005165', 'qty': '3.00000000', 'quoteQty': '0.00015495', 'time': 1613937033056, 'isBuyerMaker': True, 'isBestMatch': True}
{'id': 8010085, 'price': '0.00005150', 'qty': '5.00000000', 'quoteQty': '0.00025750', 'time': 1613937033056, 'isBuyerMaker': True, 'isBestMatch': True}
{'id': 8010086, 'price': '0.00005143', 'qty': '40.00000000', 'quoteQty': '0.00205720', 'time': 1613937033056, 'isBuyerMaker': True, 'isBestMatch': True}
{'id': 8010087, 'price': '0.00005142', 'qty': '19.00000000', 'quoteQty': '0.00097698', 'time': 1613937033056, 'isBuyerMaker': True, 'isBestMatch': True}
{'id': 8010088, 'price': '0.00005138', 'qty': '125.00000000', 'quoteQty': '0.00642250', 'time': 1613937033056, 'isBuyerMaker': True, 'isBestMatch': True}
{'id': 8010089, 'price': '0.00005136', 'qty': '4.00000000', 'quoteQty': '0.00020544', 'time': 1613937033056, 'isBuyerMaker': True, 'isBestMatch': True}
{'id': 8010090, 'price': '0.00005134', 'qty': '3.00000000', 'quoteQty': '0.00015402', 'time': 1613937033056, 'isBuyerMaker': True, 'isBestMatch': True}
{'id': 8010091, 'price': '0.00005133', 'qty': '9.00000000', 'quoteQty': '0.00046197', 'time': 1613937033056, 'isBuyerMaker': True, 'isBestMatch': True}
{'id': 8010092, 'price': '0.00005132', 'qty': '2.00000000', 'quoteQty': '0.00010264', 'time': 1613937033056, 'isBuyerMaker': True, 'isBestMatch': True}
{'id': 8010093, 'price': '0.00005132', 'qty': '2.00000000', 'quoteQty': '0.00010264', 'time': 1613937033056, 'isBuyerMaker': True, 'isBestMatch': True}
{'id': 8010094, 'price': '0.00005132', 'qty': '2.00000000', 'quoteQty': '0.00010264', 'time': 1613937033056, 'isBuyerMaker': True, 'isBestMatch': True}
{'id': 8010095, 'price': '0.00005132', 'qty': '2.00000000', 'quoteQty': '0.00010264', 'time': 1613937033056, 'isBuyerMaker': True, 'isBestMatch': True}
{'id': 8010096, 'price': '0.00005132', 'qty': '2.00000000', 'quoteQty': '0.00010264', 'time': 1613937033056, 'isBuyerMaker': True, 'isBestMatch': True}
{'id': 8010097, 'price': '0.00005132', 'qty': '2.00000000', 'quoteQty': '0.00010264', 'time': 1613937033056, 'isBuyerMaker': True, 'isBestMatch': True}
{'id': 8010098, 'price': '0.00005130', 'qty': '19.00000000', 'quoteQty': '0.00097470', 'time': 1613937033056, 'isBuyerMaker': True, 'isBestMatch': True}
{'id': 8010099, 'price': '0.00005129', 'qty': '3.00000000', 'quoteQty': '0.00015387', 'time': 1613937033056, 'isBuyerMaker': True, 'isBestMatch': True}
{'id': 8010100, 'price': '0.00005125', 'qty': '258.00000000', 'quoteQty': '0.01322250', 'time': 1613937033056, 'isBuyerMaker': True, 'isBestMatch': True}
{'id': 8010101, 'price': '0.00005125', 'qty': '275.00000000', 'quoteQty': '0.01409375', 'time': 1613937033056, 'isBuyerMaker': True, 'isBestMatch': True}
{'id': 8010102, 'price': '0.00005124', 'qty': '4.00000000', 'quoteQty': '0.00020496', 'time': 1613937033056, 'isBuyerMaker': True, 'isBestMatch': True}
{'id': 8010103, 'price': '0.00005124', 'qty': '71.00000000', 'quoteQty': '0.00363804', 'time': 1613937033056, 'isBuyerMaker': True, 'isBestMatch': True}
{'id': 8010104, 'price': '0.00005143', 'qty': '10.00000000', 'quoteQty': '0.00051430', 'time': 1613937033616, 'isBuyerMaker': True, 'isBestMatch': True}
{'id': 8010105, 'price': '0.00005178', 'qty': '14.00000000', 'quoteQty': '0.00072492', 'time': 1613937034201, 'isBuyerMaker': True, 'isBestMatch': True}
{'id': 8010106, 'price': '0.00005156', 'qty': '3.00000000', 'quoteQty': '0.00015468', 'time': 1613937043158, 'isBuyerMaker': False, 'isBestMatch': True}
{'id': 8010107, 'price': '0.00005157', 'qty': '202.00000000', 'quoteQty': '0.01041714', 'time': 1613937043158, 'isBuyerMaker': False, 'isBestMatch': True}
{'id': 8010108, 'price': '0.00005165', 'qty': '46.00000000', 'quoteQty': '0.00237590', 'time': 1613937043158, 'isBuyerMaker': False, 'isBestMatch': True}
{'id': 8010109, 'price': '0.00005130', 'qty': '3.00000000', 'quoteQty': '0.00015390', 'time': 1613937046375, 'isBuyerMaker': True, 'isBestMatch': True}
{'id': 8010110, 'price': '0.00005125', 'qty': '8.00000000', 'quoteQty': '0.00041000', 'time': 1613937046375, 'isBuyerMaker': True, 'isBestMatch': True}
{'id': 8010111, 'price': '0.00005130', 'qty': '13.00000000', 'quoteQty': '0.00066690', 'time': 1613937048755, 'isBuyerMaker': True, 'isBestMatch': True}
{'id': 8010112, 'price': '0.00005130', 'qty': '72.00000000', 'quoteQty': '0.00369360', 'time': 1613937048935, 'isBuyerMaker': True, 'isBestMatch': True}
{'id': 8010113, 'price': '0.00005130', 'qty': '27.00000000', 'quoteQty': '0.00138510', 'time': 1613937053312, 'isBuyerMaker': True, 'isBestMatch': True}
{'id': 8010114, 'price': '0.00005129', 'qty': '174.00000000', 'quoteQty': '0.00892446', 'time': 1613937053312, 'isBuyerMaker': True, 'isBestMatch': True}
{'id': 8010115, 'price': '0.00005124', 'qty': '371.00000000', 'quoteQty': '0.01901004', 'time': 1613937053312, 'isBuyerMaker': True, 'isBestMatch': True}
{'id': 8010116, 'price': '0.00005127', 'qty': '56.00000000', 'quoteQty': '0.00287112', 'time': 1613937066881, 'isBuyerMaker': True, 'isBestMatch': True}
{'id': 8010117, 'price': '0.00005127', 'qty': '12.00000000', 'quoteQty': '0.00061524', 'time': 1613937066881, 'isBuyerMaker': True, 'isBestMatch': True}
{'id': 8010118, 'price': '0.00005127', 'qty': '12.00000000', 'quoteQty': '0.00061524', 'time': 1613937066881, 'isBuyerMaker': True, 'isBestMatch': True}
{'id': 8010119, 'price': '0.00005127', 'qty': '12.00000000', 'quoteQty': '0.00061524', 'time': 1613937066881, 'isBuyerMaker': True, 'isBestMatch': True}
{'id': 8010120, 'price': '0.00005127', 'qty': '9.00000000', 'quoteQty': '0.00046143', 'time': 1613937066881, 'isBuyerMaker': True, 'isBestMatch': True}
{'id': 8010121, 'price': '0.00005134', 'qty': '2.00000000', 'quoteQty': '0.00010268', 'time': 1613937067155, 'isBuyerMaker': False, 'isBestMatch': True}
{'id': 8010122, 'price': '0.00005128', 'qty': '28.00000000', 'quoteQty': '0.00143584', 'time': 1613937067932, 'isBuyerMaker': True, 'isBestMatch': True}
{'id': 8010123, 'price': '0.00005127', 'qty': '3.00000000', 'quoteQty': '0.00015381', 'time': 1613937067932, 'isBuyerMaker': True, 'isBestMatch': True}
{'id': 8010124, 'price': '0.00005127', 'qty': '12.00000000', 'quoteQty': '0.00061524', 'time': 1613937067932, 'isBuyerMaker': True, 'isBestMatch': True}
{'id': 8010125, 'price': '0.00005128', 'qty': '53.00000000', 'quoteQty': '0.00271784', 'time': 1613937068620, 'isBuyerMaker': True, 'isBestMatch': True}
{'id': 8010126, 'price': '0.00005127', 'qty': '12.00000000', 'quoteQty': '0.00061524', 'time': 1613937070166, 'isBuyerMaker': True, 'isBestMatch': True}
{'id': 8010127, 'price': '0.00005127', 'qty': '14.00000000', 'quoteQty': '0.00071778', 'time': 1613937070166, 'isBuyerMaker': True, 'isBestMatch': True}
{'id': 8010128, 'price': '0.00005127', 'qty': '12.00000000', 'quoteQty': '0.00061524', 'time': 1613937070166, 'isBuyerMaker': True, 'isBestMatch': True}
{'id': 8010129, 'price': '0.00005127', 'qty': '12.00000000', 'quoteQty': '0.00061524', 'time': 1613937070166, 'isBuyerMaker': True, 'isBestMatch': True}
{'id': 8010130, 'price': '0.00005127', 'qty': '12.00000000', 'quoteQty': '0.00061524', 'time': 1613937070166, 'isBuyerMaker': True, 'isBestMatch': True}
{'id': 8010131, 'price': '0.00005127', 'qty': '12.00000000', 'quoteQty': '0.00061524', 'time': 1613937070166, 'isBuyerMaker': True, 'isBestMatch': True}
{'id': 8010132, 'price': '0.00005126', 'qty': '83.00000000', 'quoteQty': '0.00425458', 'time': 1613937070166, 'isBuyerMaker': True, 'isBestMatch': True}
{'id': 8010133, 'price': '0.00005126', 'qty': '21.00000000', 'quoteQty': '0.00107646', 'time': 1613937070166, 'isBuyerMaker': True, 'isBestMatch': True}
{'id': 8010134, 'price': '0.00005148', 'qty': '3.00000000', 'quoteQty': '0.00015444', 'time': 1613937072229, 'isBuyerMaker': False, 'isBestMatch': True}
{'id': 8010135, 'price': '0.00005149', 'qty': '113.00000000', 'quoteQty': '0.00581837', 'time': 1613937072229, 'isBuyerMaker': False, 'isBestMatch': True}
{'id': 8010136, 'price': '0.00005147', 'qty': '1.00000000', 'quoteQty': '0.00005147', 'time': 1613937072309, 'isBuyerMaker': False, 'isBestMatch': True}
{'id': 8010137, 'price': '0.00005147', 'qty': '2.00000000', 'quoteQty': '0.00010294', 'time': 1613937075330, 'isBuyerMaker': False, 'isBestMatch': True}
{'id': 8010138, 'price': '0.00005147', 'qty': '14.00000000', 'quoteQty': '0.00072058', 'time': 1613937075585, 'isBuyerMaker': True, 'isBestMatch': True}
{'id': 8010139, 'price': '0.00005148', 'qty': '3.00000000', 'quoteQty': '0.00015444', 'time': 1613937076097, 'isBuyerMaker': False, 'isBestMatch': True}
{'id': 8010140, 'price': '0.00005156', 'qty': '53.00000000', 'quoteQty': '0.00273268', 'time': 1613937076612, 'isBuyerMaker': False, 'isBestMatch': True}
{'id': 8010141, 'price': '0.00005163', 'qty': '3.00000000', 'quoteQty': '0.00015489', 'time': 1613937084945, 'isBuyerMaker': True, 'isBestMatch': True}
{'id': 8010142, 'price': '0.00005157', 'qty': '2.00000000', 'quoteQty': '0.00010314', 'time': 1613937084945, 'isBuyerMaker': True, 'isBestMatch': True}
{'id': 8010143, 'price': '0.00005157', 'qty': '7.00000000', 'quoteQty': '0.00036099', 'time': 1613937084945, 'isBuyerMaker': True, 'isBestMatch': True}
{'id': 8010144, 'price': '0.00005157', 'qty': '2.00000000', 'quoteQty': '0.00010314', 'time': 1613937084945, 'isBuyerMaker': True, 'isBestMatch': True}
{'id': 8010145, 'price': '0.00005157', 'qty': '2.00000000', 'quoteQty': '0.00010314', 'time': 1613937084945, 'isBuyerMaker': True, 'isBestMatch': True}
{'id': 8010146, 'price': '0.00005157', 'qty': '2.00000000', 'quoteQty': '0.00010314', 'time': 1613937084945, 'isBuyerMaker': True, 'isBestMatch': True}
{'id': 8010147, 'price': '0.00005157', 'qty': '1.00000000', 'quoteQty': '0.00005157', 'time': 1613937084945, 'isBuyerMaker': True, 'isBestMatch': True}
{'id': 8010148, 'price': '0.00005156', 'qty': '63.00000000', 'quoteQty': '0.00324828', 'time': 1613937084945, 'isBuyerMaker': True, 'isBestMatch': True}
{'id': 8010149, 'price': '0.00005148', 'qty': '113.00000000', 'quoteQty': '0.00581724', 'time': 1613937084945, 'isBuyerMaker': True, 'isBestMatch': True}
{'id': 8010150, 'price': '0.00005147', 'qty': '100.00000000', 'quoteQty': '0.00514700', 'time': 1613937084945, 'isBuyerMaker': True, 'isBestMatch': True}
{'id': 8010151, 'price': '0.00005134', 'qty': '50.00000000', 'quoteQty': '0.00256700', 'time': 1613937084945, 'isBuyerMaker': True, 'isBestMatch': True}
{'id': 8010152, 'price': '0.00005130', 'qty': '219.00000000', 'quoteQty': '0.01123470', 'time': 1613937084955, 'isBuyerMaker': False, 'isBestMatch': True}
{'id': 8010153, 'price': '0.00005130', 'qty': '5.00000000', 'quoteQty': '0.00025650', 'time': 1613937084980, 'isBuyerMaker': False, 'isBestMatch': True}
{'id': 8010154, 'price': '0.00005130', 'qty': '184.00000000', 'quoteQty': '0.00943920', 'time': 1613937085863, 'isBuyerMaker': False, 'isBestMatch': True}
{'id': 8010155, 'price': '0.00005166', 'qty': '20.00000000', 'quoteQty': '0.00103320', 'time': 1613937085863, 'isBuyerMaker': False, 'isBestMatch': True}
{'id': 8010156, 'price': '0.00005177', 'qty': '3.00000000', 'quoteQty': '0.00015531', 'time': 1613937087687, 'isBuyerMaker': False, 'isBestMatch': True}
{'id': 8010157, 'price': '0.00005178', 'qty': '1.00000000', 'quoteQty': '0.00005178', 'time': 1613937087687, 'isBuyerMaker': False, 'isBestMatch': True}
{'id': 8010158, 'price': '0.00005167', 'qty': '3.00000000', 'quoteQty': '0.00015501', 'time': 1613937097091, 'isBuyerMaker': True, 'isBestMatch': True}
{'id': 8010159, 'price': '0.00005167', 'qty': '3.00000000', 'quoteQty': '0.00015501', 'time': 1613937097091, 'isBuyerMaker': True, 'isBestMatch': True}
{'id': 8010160, 'price': '0.00005167', 'qty': '83.00000000', 'quoteQty': '0.00428861', 'time': 1613937101989, 'isBuyerMaker': False, 'isBestMatch': True}
{'id': 8010161, 'price': '0.00005178', 'qty': '2.00000000', 'quoteQty': '0.00010356', 'time': 1613937101989, 'isBuyerMaker': False, 'isBestMatch': True}
{'id': 8010162, 'price': '0.00005178', 'qty': '5.00000000', 'quoteQty': '0.00025890', 'time': 1613937101989, 'isBuyerMaker': False, 'isBestMatch': True}
{'id': 8010163, 'price': '0.00005183', 'qty': '128.00000000', 'quoteQty': '0.00663424', 'time': 1613937101989, 'isBuyerMaker': False, 'isBestMatch': True}
{'id': 8010164, 'price': '0.00005184', 'qty': '19.00000000', 'quoteQty': '0.00098496', 'time': 1613937101989, 'isBuyerMaker': False, 'isBestMatch': True}
{'id': 8010165, 'price': '0.00005186', 'qty': '19.00000000', 'quoteQty': '0.00098534', 'time': 1613937101989, 'isBuyerMaker': False, 'isBestMatch': True}
{'id': 8010166, 'price': '0.00005192', 'qty': '9.00000000', 'quoteQty': '0.00046728', 'time': 1613937101989, 'isBuyerMaker': False, 'isBestMatch': True}
{'id': 8010167, 'price': '0.00005206', 'qty': '2.00000000', 'quoteQty': '0.00010412', 'time': 1613937109834, 'isBuyerMaker': False, 'isBestMatch': True}
{'id': 8010168, 'price': '0.00005207', 'qty': '1.00000000', 'quoteQty': '0.00005207', 'time': 1613937109834, 'isBuyerMaker': False, 'isBestMatch': True}
{'id': 8010169, 'price': '0.00005207', 'qty': '4.00000000', 'quoteQty': '0.00020828', 'time': 1613937112954, 'isBuyerMaker': False, 'isBestMatch': True}
{'id': 8010170, 'price': '0.00005209', 'qty': '2.00000000', 'quoteQty': '0.00010418', 'time': 1613937114268, 'isBuyerMaker': True, 'isBestMatch': True}
{'id': 8010171, 'price': '0.00005218', 'qty': '3.00000000', 'quoteQty': '0.00015654', 'time': 1613937121791, 'isBuyerMaker': False, 'isBestMatch': True}
{'id': 8010172, 'price': '0.00005219', 'qty': '4.00000000', 'quoteQty': '0.00020876', 'time': 1613937121791, 'isBuyerMaker': False, 'isBestMatch': True}
{'id': 8010173, 'price': '0.00005219', 'qty': '19.00000000', 'quoteQty': '0.00099161', 'time': 1613937121791, 'isBuyerMaker': False, 'isBestMatch': True}
{'id': 8010174, 'price': '0.00005221', 'qty': '3.00000000', 'quoteQty': '0.00015663', 'time': 1613937121791, 'isBuyerMaker': False, 'isBestMatch': True}
{'id': 8010175, 'price': '0.00005222', 'qty': '14.00000000', 'quoteQty': '0.00073108', 'time': 1613937121791, 'isBuyerMaker': False, 'isBestMatch': True}
{'id': 8010176, 'price': '0.00005225', 'qty': '125.00000000', 'quoteQty': '0.00653125', 'time': 1613937121791, 'isBuyerMaker': False, 'isBestMatch': True}
{'id': 8010177, 'price': '0.00005238', 'qty': '19.00000000', 'quoteQty': '0.00099522', 'time': 1613937121791, 'isBuyerMaker': False, 'isBestMatch': True}
{'id': 8010178, 'price': '0.00005241', 'qty': '12.00000000', 'quoteQty': '0.00062892', 'time': 1613937121791, 'isBuyerMaker': False, 'isBestMatch': True}
{'id': 8010179, 'price': '0.00005251', 'qty': '9.00000000', 'quoteQty': '0.00047259', 'time': 1613937121791, 'isBuyerMaker': False, 'isBestMatch': True}
{'id': 8010180, 'price': '0.00005253', 'qty': '19.00000000', 'quoteQty': '0.00099807', 'time': 1613937121791, 'isBuyerMaker': False, 'isBestMatch': True}
{'id': 8010181, 'price': '0.00005264', 'qty': '5.00000000', 'quoteQty': '0.00026320', 'time': 1613937121791, 'isBuyerMaker': False, 'isBestMatch': True}
{'id': 8010182, 'price': '0.00005276', 'qty': '216.00000000', 'quoteQty': '0.01139616', 'time': 1613937121791, 'isBuyerMaker': False, 'isBestMatch': True}
{'id': 8010183, 'price': '0.00005277', 'qty': '138.00000000', 'quoteQty': '0.00728226', 'time': 1613937121791, 'isBuyerMaker': False, 'isBestMatch': True}
{'id': 8010184, 'price': '0.00005286', 'qty': '19.00000000', 'quoteQty': '0.00100434', 'time': 1613937121791, 'isBuyerMaker': False, 'isBestMatch': True}
{'id': 8010185, 'price': '0.00005292', 'qty': '19.00000000', 'quoteQty': '0.00100548', 'time': 1613937121791, 'isBuyerMaker': False, 'isBestMatch': True}
{'id': 8010186, 'price': '0.00005293', 'qty': '3.00000000', 'quoteQty': '0.00015879', 'time': 1613937121791, 'isBuyerMaker': False, 'isBestMatch': True}
{'id': 8010187, 'price': '0.00005299', 'qty': '940.00000000', 'quoteQty': '0.04981060', 'time': 1613937121791, 'isBuyerMaker': False, 'isBestMatch': True}
{'id': 8010188, 'price': '0.00005300', 'qty': '28.00000000', 'quoteQty': '0.00148400', 'time': 1613937121791, 'isBuyerMaker': False, 'isBestMatch': True}
{'id': 8010189, 'price': '0.00005304', 'qty': '123.00000000', 'quoteQty': '0.00652392', 'time': 1613937121791, 'isBuyerMaker': False, 'isBestMatch': True}
{'id': 8010190, 'price': '0.00005305', 'qty': '663.00000000', 'quoteQty': '0.03517215', 'time': 1613937121791, 'isBuyerMaker': False, 'isBestMatch': True}
{'id': 8010191, 'price': '0.00005306', 'qty': '149.00000000', 'quoteQty': '0.00790594', 'time': 1613937121791, 'isBuyerMaker': False, 'isBestMatch': True}
{'id': 8010192, 'price': '0.00005276', 'qty': '107.00000000', 'quoteQty': '0.00564532', 'time': 1613937121838, 'isBuyerMaker': False, 'isBestMatch': True}
{'id': 8010193, 'price': '0.00005305', 'qty': '15.00000000', 'quoteQty': '0.00079575', 'time': 1613937144011, 'isBuyerMaker': False, 'isBestMatch': True}
{'id': 8010194, 'price': '0.00005283', 'qty': '3.00000000', 'quoteQty': '0.00015849', 'time': 1613937147006, 'isBuyerMaker': True, 'isBestMatch': True}
{'id': 8010195, 'price': '0.00005283', 'qty': '70.00000000', 'quoteQty': '0.00369810', 'time': 1613937147190, 'isBuyerMaker': False, 'isBestMatch': True}
{'id': 8010196, 'price': '0.00005283', 'qty': '12.00000000', 'quoteQty': '0.00063396', 'time': 1613937148477, 'isBuyerMaker': False, 'isBestMatch': True}
{'id': 8010197, 'price': '0.00005276', 'qty': '12.00000000', 'quoteQty': '0.00063312', 'time': 1613937148501, 'isBuyerMaker': True, 'isBestMatch': True}
{'id': 8010198, 'price': '0.00005276', 'qty': '3.00000000', 'quoteQty': '0.00015828', 'time': 1613937156535, 'isBuyerMaker': True, 'isBestMatch': True}
{'id': 8010199, 'price': '0.00005276', 'qty': '3.00000000', 'quoteQty': '0.00015828', 'time': 1613937157105, 'isBuyerMaker': True, 'isBestMatch': True}
{'id': 8010200, 'price': '0.00005276', 'qty': '50.00000000', 'quoteQty': '0.00263800', 'time': 1613937166372, 'isBuyerMaker': True, 'isBestMatch': True}
{'id': 8010201, 'price': '0.00005276', 'qty': '25.00000000', 'quoteQty': '0.00131900', 'time': 1613937169482, 'isBuyerMaker': True, 'isBestMatch': True}
{'id': 8010202, 'price': '0.00005276', 'qty': '5.00000000', 'quoteQty': '0.00026380', 'time': 1613937169979, 'isBuyerMaker': True, 'isBestMatch': True}
{'id': 8010203, 'price': '0.00005276', 'qty': '450.00000000', 'quoteQty': '0.02374200', 'time': 1613937170802, 'isBuyerMaker': True, 'isBestMatch': True}
{'id': 8010204, 'price': '0.00005276', 'qty': '117.00000000', 'quoteQty': '0.00617292', 'time': 1613937173273, 'isBuyerMaker': True, 'isBestMatch': True}
{'id': 8010205, 'price': '0.00005276', 'qty': '57.00000000', 'quoteQty': '0.00300732', 'time': 1613937173273, 'isBuyerMaker': True, 'isBestMatch': True}
{'id': 8010206, 'price': '0.00005276', 'qty': '47.00000000', 'quoteQty': '0.00247972', 'time': 1613937174076, 'isBuyerMaker': True, 'isBestMatch': True}
{'id': 8010207, 'price': '0.00005276', 'qty': '4.00000000', 'quoteQty': '0.00021104', 'time': 1613937188936, 'isBuyerMaker': True, 'isBestMatch': True}
{'id': 8010208, 'price': '0.00005281', 'qty': '3.00000000', 'quoteQty': '0.00015843', 'time': 1613937190032, 'isBuyerMaker': False, 'isBestMatch': True}
{'id': 8010209, 'price': '0.00005283', 'qty': '1.00000000', 'quoteQty': '0.00005283', 'time': 1613937190032, 'isBuyerMaker': False, 'isBestMatch': True}
{'id': 8010210, 'price': '0.00005305', 'qty': '2.00000000', 'quoteQty': '0.00010610', 'time': 1613937190032, 'isBuyerMaker': False, 'isBestMatch': True}
{'id': 8010211, 'price': '0.00005305', 'qty': '12.00000000', 'quoteQty': '0.00063660', 'time': 1613937190032, 'isBuyerMaker': False, 'isBestMatch': True}
{'id': 8010212, 'price': '0.00005285', 'qty': '3.00000000', 'quoteQty': '0.00015855', 'time': 1613937203162, 'isBuyerMaker': True, 'isBestMatch': True}
{'id': 8010213, 'price': '0.00005276', 'qty': '19.00000000', 'quoteQty': '0.00100244', 'time': 1613937203162, 'isBuyerMaker': True, 'isBestMatch': True}
{'id': 8010214, 'price': '0.00005299', 'qty': '3.00000000', 'quoteQty': '0.00015897', 'time': 1613937204382, 'isBuyerMaker': False, 'isBestMatch': True}
{'id': 8010215, 'price': '0.00005299', 'qty': '93.00000000', 'quoteQty': '0.00492807', 'time': 1613937204382, 'isBuyerMaker': False, 'isBestMatch': True}
{'id': 8010216, 'price': '0.00005299', 'qty': '169.00000000', 'quoteQty': '0.00895531', 'time': 1613937204382, 'isBuyerMaker': False, 'isBestMatch': True}
{'id': 8010217, 'price': '0.00005284', 'qty': '30.00000000', 'quoteQty': '0.00158520', 'time': 1613937222803, 'isBuyerMaker': False, 'isBestMatch': True}
{'id': 8010218, 'price': '0.00005284', 'qty': '23.00000000', 'quoteQty': '0.00121532', 'time': 1613937224302, 'isBuyerMaker': False, 'isBestMatch': True}
{'id': 8010219, 'price': '0.00005277', 'qty': '3.00000000', 'quoteQty': '0.00015831', 'time': 1613937224448, 'isBuyerMaker': True, 'isBestMatch': True}
{'id': 8010220, 'price': '0.00005276', 'qty': '32.00000000', 'quoteQty': '0.00168832', 'time': 1613937225845, 'isBuyerMaker': True, 'isBestMatch': True}
{'id': 8010221, 'price': '0.00005276', 'qty': '3.00000000', 'quoteQty': '0.00015828', 'time': 1613937225845, 'isBuyerMaker': True, 'isBestMatch': True}
{'id': 8010222, 'price': '0.00005276', 'qty': '8.00000000', 'quoteQty': '0.00042208', 'time': 1613937225845, 'isBuyerMaker': True, 'isBestMatch': True}
{'id': 8010223, 'price': '0.00005276', 'qty': '9.00000000', 'quoteQty': '0.00047484', 'time': 1613937225845, 'isBuyerMaker': True, 'isBestMatch': True}
{'id': 8010224, 'price': '0.00005247', 'qty': '18.00000000', 'quoteQty': '0.00094446', 'time': 1613937225845, 'isBuyerMaker': True, 'isBestMatch': True}
{'id': 8010225, 'price': '0.00005266', 'qty': '3.00000000', 'quoteQty': '0.00015798', 'time': 1613937233511, 'isBuyerMaker': False, 'isBestMatch': True}
{'id': 8010226, 'price': '0.00005266', 'qty': '109.00000000', 'quoteQty': '0.00573994', 'time': 1613937233511, 'isBuyerMaker': False, 'isBestMatch': True}
{'id': 8010227, 'price': '0.00005265', 'qty': '3.00000000', 'quoteQty': '0.00015795', 'time': 1613937241813, 'isBuyerMaker': False, 'isBestMatch': True}
{'id': 8010228, 'price': '0.00005276', 'qty': '53.00000000', 'quoteQty': '0.00279628', 'time': 1613937249870, 'isBuyerMaker': False, 'isBestMatch': True}
{'id': 8010229, 'price': '0.00005251', 'qty': '3.00000000', 'quoteQty': '0.00015753', 'time': 1613937257974, 'isBuyerMaker': True, 'isBestMatch': True}
{'id': 8010230, 'price': '0.00005251', 'qty': '110.00000000', 'quoteQty': '0.00577610', 'time': 1613937257974, 'isBuyerMaker': True, 'isBestMatch': True}
{'id': 8010231, 'price': '0.00005275', 'qty': '3.00000000', 'quoteQty': '0.00015825', 'time': 1613937260132, 'isBuyerMaker': False, 'isBestMatch': True}
{'id': 8010232, 'price': '0.00005275', 'qty': '41.00000000', 'quoteQty': '0.00216275', 'time': 1613937260132, 'isBuyerMaker': False, 'isBestMatch': True}
{'id': 8010233, 'price': '0.00005275', 'qty': '133.00000000', 'quoteQty': '0.00701575', 'time': 1613937261279, 'isBuyerMaker': False, 'isBestMatch': True}
{'id': 8010234, 'price': '0.00005275', 'qty': '142.00000000', 'quoteQty': '0.00749050', 'time': 1613937261279, 'isBuyerMaker': False, 'isBestMatch': True}
{'id': 8010235, 'price': '0.00005289', 'qty': '20.00000000', 'quoteQty': '0.00105780', 'time': 1613937261279, 'isBuyerMaker': False, 'isBestMatch': True}
{'id': 8010236, 'price': '0.00005289', 'qty': '20.00000000', 'quoteQty': '0.00105780', 'time': 1613937261279, 'isBuyerMaker': False, 'isBestMatch': True}
{'id': 8010237, 'price': '0.00005289', 'qty': '20.00000000', 'quoteQty': '0.00105780', 'time': 1613937261279, 'isBuyerMaker': False, 'isBestMatch': True}
{'id': 8010238, 'price': '0.00005289', 'qty': '20.00000000', 'quoteQty': '0.00105780', 'time': 1613937261279, 'isBuyerMaker': False, 'isBestMatch': True}
{'id': 8010239, 'price': '0.00005289', 'qty': '20.00000000', 'quoteQty': '0.00105780', 'time': 1613937261279, 'isBuyerMaker': False, 'isBestMatch': True}
{'id': 8010240, 'price': '0.00005289', 'qty': '20.00000000', 'quoteQty': '0.00105780', 'time': 1613937261279, 'isBuyerMaker': False, 'isBestMatch': True}
{'id': 8010241, 'price': '0.00005289', 'qty': '20.00000000', 'quoteQty': '0.00105780', 'time': 1613937261279, 'isBuyerMaker': False, 'isBestMatch': True}
{'id': 8010242, 'price': '0.00005289', 'qty': '20.00000000', 'quoteQty': '0.00105780', 'time': 1613937261279, 'isBuyerMaker': False, 'isBestMatch': True}
{'id': 8010243, 'price': '0.00005289', 'qty': '20.00000000', 'quoteQty': '0.00105780', 'time': 1613937261279, 'isBuyerMaker': False, 'isBestMatch': True}
{'id': 8010244, 'price': '0.00005289', 'qty': '20.00000000', 'quoteQty': '0.00105780', 'time': 1613937261279, 'isBuyerMaker': False, 'isBestMatch': True}
{'id': 8010245, 'price': '0.00005298', 'qty': '2.00000000', 'quoteQty': '0.00010596', 'time': 1613937261279, 'isBuyerMaker': False, 'isBestMatch': True}
{'id': 8010246, 'price': '0.00005298', 'qty': '2.00000000', 'quoteQty': '0.00010596', 'time': 1613937261279, 'isBuyerMaker': False, 'isBestMatch': True}
{'id': 8010247, 'price': '0.00005298', 'qty': '2.00000000', 'quoteQty': '0.00010596', 'time': 1613937261279, 'isBuyerMaker': False, 'isBestMatch': True}
{'id': 8010248, 'price': '0.00005298', 'qty': '2.00000000', 'quoteQty': '0.00010596', 'time': 1613937261279, 'isBuyerMaker': False, 'isBestMatch': True}
{'id': 8010249, 'price': '0.00005298', 'qty': '2.00000000', 'quoteQty': '0.00010596', 'time': 1613937261279, 'isBuyerMaker': False, 'isBestMatch': True}
{'id': 8010250, 'price': '0.00005298', 'qty': '2.00000000', 'quoteQty': '0.00010596', 'time': 1613937261279, 'isBuyerMaker': False, 'isBestMatch': True}
{'id': 8010251, 'price': '0.00005298', 'qty': '2.00000000', 'quoteQty': '0.00010596', 'time': 1613937261279, 'isBuyerMaker': False, 'isBestMatch': True}
{'id': 8010252, 'price': '0.00005298', 'qty': '2.00000000', 'quoteQty': '0.00010596', 'time': 1613937261279, 'isBuyerMaker': False, 'isBestMatch': True}
{'id': 8010253, 'price': '0.00005298', 'qty': '2.00000000', 'quoteQty': '0.00010596', 'time': 1613937261279, 'isBuyerMaker': False, 'isBestMatch': True}
{'id': 8010254, 'price': '0.00005298', 'qty': '2.00000000', 'quoteQty': '0.00010596', 'time': 1613937261279, 'isBuyerMaker': False, 'isBestMatch': True}
{'id': 8010255, 'price': '0.00005300', 'qty': '258.00000000', 'quoteQty': '0.01367400', 'time': 1613937261279, 'isBuyerMaker': False, 'isBestMatch': True}
{'id': 8010256, 'price': '0.00005300', 'qty': '1000.00000000', 'quoteQty': '0.05300000', 'time': 1613937261279, 'isBuyerMaker': False, 'isBestMatch': True}
{'id': 8010257, 'price': '0.00005300', 'qty': '3.00000000', 'quoteQty': '0.00015900', 'time': 1613937261632, 'isBuyerMaker': True, 'isBestMatch': True}
{'id': 8010258, 'price': '0.00005300', 'qty': '5.00000000', 'quoteQty': '0.00026500', 'time': 1613937263809, 'isBuyerMaker': True, 'isBestMatch': True}
{'id': 8010259, 'price': '0.00005305', 'qty': '4.00000000', 'quoteQty': '0.00021220', 'time': 1613937266786, 'isBuyerMaker': False, 'isBestMatch': True}
{'id': 8010260, 'price': '0.00005308', 'qty': '3.00000000', 'quoteQty': '0.00015924', 'time': 1613937266786, 'isBuyerMaker': False, 'isBestMatch': True}
{'id': 8010261, 'price': '0.00005310', 'qty': '9.00000000', 'quoteQty': '0.00047790', 'time': 1613937266786, 'isBuyerMaker': False, 'isBestMatch': True}
{'id': 8010262, 'price': '0.00005314', 'qty': '6.00000000', 'quoteQty': '0.00031884', 'time': 1613937266786, 'isBuyerMaker': False, 'isBestMatch': True}
{'id': 8010263, 'price': '0.00005319', 'qty': '19.00000000', 'quoteQty': '0.00101061', 'time': 1613937266786, 'isBuyerMaker': False, 'isBestMatch': True}
{'id': 8010264, 'price': '0.00005321', 'qty': '5.00000000', 'quoteQty': '0.00026605', 'time': 1613937266786, 'isBuyerMaker': False, 'isBestMatch': True}
{'id': 8010265, 'price': '0.00005321', 'qty': '32.00000000', 'quoteQty': '0.00170272', 'time': 1613937266823, 'isBuyerMaker': True, 'isBestMatch': True}
{'id': 8010266, 'price': '0.00005326', 'qty': '3.00000000', 'quoteQty': '0.00015978', 'time': 1613937268251, 'isBuyerMaker': True, 'isBestMatch': True}
{'id': 8010267, 'price': '0.00005325', 'qty': '97.00000000', 'quoteQty': '0.00516525', 'time': 1613937268251, 'isBuyerMaker': True, 'isBestMatch': True}
{'id': 8010268, 'price': '0.00005326', 'qty': '3.00000000', 'quoteQty': '0.00015978', 'time': 1613937273981, 'isBuyerMaker': True, 'isBestMatch': True}
{'id': 8010269, 'price': '0.00005326', 'qty': '26.00000000', 'quoteQty': '0.00138476', 'time': 1613937273981, 'isBuyerMaker': True, 'isBestMatch': True}
{'id': 8010270, 'price': '0.00005326', 'qty': '13.00000000', 'quoteQty': '0.00069238', 'time': 1613937287406, 'isBuyerMaker': True, 'isBestMatch': True}
{'id': 8010271, 'price': '0.00005326', 'qty': '511.00000000', 'quoteQty': '0.02721586', 'time': 1613937293461, 'isBuyerMaker': True, 'isBestMatch': True}
{'id': 8009772, 'price': '0.00005245', 'qty': '2.00000000', 'quoteQty': '0.00010490', 'time': 1613936641037, 'isBuyerMaker': False, 'isBestMatch': True}
{'id': 8009773, 'price': '0.00005245', 'qty': '2.00000000', 'quoteQty': '0.00010490', 'time': 1613936641037, 'isBuyerMaker': False, 'isBestMatch': True}
{'id': 8009774, 'price': '0.00005245', 'qty': '2.00000000', 'quoteQty': '0.00010490', 'time': 1613936641037, 'isBuyerMaker': False, 'isBestMatch': True}
{'id': 8009775, 'price': '0.00005245', 'qty': '2.00000000', 'quoteQty': '0.00010490', 'time': 1613936641037, 'isBuyerMaker': False, 'isBestMatch': True}
{'id': 8009776, 'price': '0.00005245', 'qty': '2.00000000', 'quoteQty': '0.00010490', 'time': 1613936641037, 'isBuyerMaker': False, 'isBestMatch': True}
{'id': 8009777, 'price': '0.00005245', 'qty': '2.00000000', 'quoteQty': '0.00010490', 'time': 1613936641037, 'isBuyerMaker': False, 'isBestMatch': True}
{'id': 8009778, 'price': '0.00005245', 'qty': '2.00000000', 'quoteQty': '0.00010490', 'time': 1613936641037, 'isBuyerMaker': False, 'isBestMatch': True}
{'id': 8009779, 'price': '0.00005245', 'qty': '2.00000000', 'quoteQty': '0.00010490', 'time': 1613936641037, 'isBuyerMaker': False, 'isBestMatch': True}
{'id': 8009780, 'price': '0.00005245', 'qty': '2.00000000', 'quoteQty': '0.00010490', 'time': 1613936641037, 'isBuyerMaker': False, 'isBestMatch': True}
{'id': 8009781, 'price': '0.00005245', 'qty': '2.00000000', 'quoteQty': '0.00010490', 'time': 1613936641037, 'isBuyerMaker': False, 'isBestMatch': True}
{'id': 8009782, 'price': '0.00005245', 'qty': '2.00000000', 'quoteQty': '0.00010490', 'time': 1613936641037, 'isBuyerMaker': False, 'isBestMatch': True}
{'id': 8009783, 'price': '0.00005245', 'qty': '2.00000000', 'quoteQty': '0.00010490', 'time': 1613936641037, 'isBuyerMaker': False, 'isBestMatch': True}
{'id': 8009784, 'price': '0.00005245', 'qty': '2.00000000', 'quoteQty': '0.00010490', 'time': 1613936641037, 'isBuyerMaker': False, 'isBestMatch': True}
{'id': 8009785, 'price': '0.00005245', 'qty': '2.00000000', 'quoteQty': '0.00010490', 'time': 1613936641037, 'isBuyerMaker': False, 'isBestMatch': True}
{'id': 8009786, 'price': '0.00005245', 'qty': '2.00000000', 'quoteQty': '0.00010490', 'time': 1613936641037, 'isBuyerMaker': False, 'isBestMatch': True}
{'id': 8009787, 'price': '0.00005245', 'qty': '2.00000000', 'quoteQty': '0.00010490', 'time': 1613936641037, 'isBuyerMaker': False, 'isBestMatch': True}
{'id': 8009788, 'price': '0.00005245', 'qty': '1.00000000', 'quoteQty': '0.00005245', 'time': 1613936641037, 'isBuyerMaker': False, 'isBestMatch': True}
{'id': 8009789, 'price': '0.00005245', 'qty': '1.00000000', 'quoteQty': '0.00005245', 'time': 1613936641037, 'isBuyerMaker': False, 'isBestMatch': True}
{'id': 8009790, 'price': '0.00005245', 'qty': '1.00000000', 'quoteQty': '0.00005245', 'time': 1613936641037, 'isBuyerMaker': False, 'isBestMatch': True}
{'id': 8009791, 'price': '0.00005245', 'qty': '1.00000000', 'quoteQty': '0.00005245', 'time': 1613936641037, 'isBuyerMaker': False, 'isBestMatch': True}
{'id': 8009792, 'price': '0.00005245', 'qty': '1.00000000', 'quoteQty': '0.00005245', 'time': 1613936641037, 'isBuyerMaker': False, 'isBestMatch': True}
{'id': 8009793, 'price': '0.00005245', 'qty': '1.00000000', 'quoteQty': '0.00005245', 'time': 1613936641037, 'isBuyerMaker': False, 'isBestMatch': True}
{'id': 8009794, 'price': '0.00005245', 'qty': '1.00000000', 'quoteQty': '0.00005245', 'time': 1613936641037, 'isBuyerMaker': False, 'isBestMatch': True}
{'id': 8009795, 'price': '0.00005245', 'qty': '1.00000000', 'quoteQty': '0.00005245', 'time': 1613936641037, 'isBuyerMaker': False, 'isBestMatch': True}
{'id': 8009796, 'price': '0.00005245', 'qty': '1.00000000', 'quoteQty': '0.00005245', 'time': 1613936641037, 'isBuyerMaker': False, 'isBestMatch': True}
{'id': 8009797, 'price': '0.00005245', 'qty': '1.00000000', 'quoteQty': '0.00005245', 'time': 1613936641037, 'isBuyerMaker': False, 'isBestMatch': True}
{'id': 8009798, 'price': '0.00005245', 'qty': '1.00000000', 'quoteQty': '0.00005245', 'time': 1613936641037, 'isBuyerMaker': False, 'isBestMatch': True}
{'id': 8009799, 'price': '0.00005245', 'qty': '1.00000000', 'quoteQty': '0.00005245', 'time': 1613936641037, 'isBuyerMaker': False, 'isBestMatch': True}
{'id': 8009800, 'price': '0.00005245', 'qty': '1.00000000', 'quoteQty': '0.00005245', 'time': 1613936641037, 'isBuyerMaker': False, 'isBestMatch': True}
{'id': 8009801, 'price': '0.00005248', 'qty': '2.00000000', 'quoteQty': '0.00010496', 'time': 1613936641037, 'isBuyerMaker': False, 'isBestMatch': True}
{'id': 8009802, 'price': '0.00005248', 'qty': '2.00000000', 'quoteQty': '0.00010496', 'time': 1613936641037, 'isBuyerMaker': False, 'isBestMatch': True}
{'id': 8009803, 'price': '0.00005248', 'qty': '2.00000000', 'quoteQty': '0.00010496', 'time': 1613936641037, 'isBuyerMaker': False, 'isBestMatch': True}
{'id': 8009804, 'price': '0.00005248', 'qty': '2.00000000', 'quoteQty': '0.00010496', 'time': 1613936641037, 'isBuyerMaker': False, 'isBestMatch': True}
{'id': 8009805, 'price': '0.00005248', 'qty': '2.00000000', 'quoteQty': '0.00010496', 'time': 1613936641037, 'isBuyerMaker': False, 'isBestMatch': True}
{'id': 8009806, 'price': '0.00005248', 'qty': '1.00000000', 'quoteQty': '0.00005248', 'time': 1613936641037, 'isBuyerMaker': False, 'isBestMatch': True}
{'id': 8009807, 'price': '0.00005249', 'qty': '2.00000000', 'quoteQty': '0.00010498', 'time': 1613936641037, 'isBuyerMaker': False, 'isBestMatch': True}
{'id': 8009808, 'price': '0.00005249', 'qty': '2.00000000', 'quoteQty': '0.00010498', 'time': 1613936641037, 'isBuyerMaker': False, 'isBestMatch': True}
{'id': 8009809, 'price': '0.00005249', 'qty': '2.00000000', 'quoteQty': '0.00010498', 'time': 1613936641037, 'isBuyerMaker': False, 'isBestMatch': True}
{'id': 8009810, 'price': '0.00005249', 'qty': '2.00000000', 'quoteQty': '0.00010498', 'time': 1613936641037, 'isBuyerMaker': False, 'isBestMatch': True}
{'id': 8009811, 'price': '0.00005249', 'qty': '2.00000000', 'quoteQty': '0.00010498', 'time': 1613936641037, 'isBuyerMaker': False, 'isBestMatch': True}
{'id': 8009812, 'price': '0.00005249', 'qty': '2.00000000', 'quoteQty': '0.00010498', 'time': 1613936641037, 'isBuyerMaker': False, 'isBestMatch': True}
{'id': 8009813, 'price': '0.00005249', 'qty': '2.00000000', 'quoteQty': '0.00010498', 'time': 1613936641037, 'isBuyerMaker': False, 'isBestMatch': True}
{'id': 8009814, 'price': '0.00005249', 'qty': '2.00000000', 'quoteQty': '0.00010498', 'time': 1613936641037, 'isBuyerMaker': False, 'isBestMatch': True}
{'id': 8009815, 'price': '0.00005249', 'qty': '2.00000000', 'quoteQty': '0.00010498', 'time': 1613936641037, 'isBuyerMaker': False, 'isBestMatch': True}
{'id': 8009816, 'price': '0.00005249', 'qty': '2.00000000', 'quoteQty': '0.00010498', 'time': 1613936641037, 'isBuyerMaker': False, 'isBestMatch': True}
{'id': 8009817, 'price': '0.00005249', 'qty': '1.00000000', 'quoteQty': '0.00005249', 'time': 1613936641037, 'isBuyerMaker': False, 'isBestMatch': True}
{'id': 8009818, 'price': '0.00005249', 'qty': '1.00000000', 'quoteQty': '0.00005249', 'time': 1613936641037, 'isBuyerMaker': False, 'isBestMatch': True}
{'id': 8009819, 'price': '0.00005250', 'qty': '4.00000000', 'quoteQty': '0.00021000', 'time': 1613936641037, 'isBuyerMaker': False, 'isBestMatch': True}
{'id': 8009820, 'price': '0.00005250', 'qty': '41.00000000', 'quoteQty': '0.00215250', 'time': 1613936641037, 'isBuyerMaker': False, 'isBestMatch': True}
{'id': 8009821, 'price': '0.00005250', 'qty': '7.00000000', 'quoteQty': '0.00036750', 'time': 1613936641037, 'isBuyerMaker': False, 'isBestMatch': True}
{'id': 8009822, 'price': '0.00005250', 'qty': '3.00000000', 'quoteQty': '0.00015750', 'time': 1613936642631, 'isBuyerMaker': True, 'isBestMatch': True}
{'id': 8009823, 'price': '0.00005250', 'qty': '97.00000000', 'quoteQty': '0.00509250', 'time': 1613936650559, 'isBuyerMaker': True, 'isBestMatch': True}
{'id': 8009824, 'price': '0.00005250', 'qty': '49.00000000', 'quoteQty': '0.00257250', 'time': 1613936650598, 'isBuyerMaker': True, 'isBestMatch': True}
{'id': 8009825, 'price': '0.00005251', 'qty': '9.00000000', 'quoteQty': '0.00047259', 'time': 1613936650624, 'isBuyerMaker': False, 'isBestMatch': True}
{'id': 8009826, 'price': '0.00005251', 'qty': '39.00000000', 'quoteQty': '0.00204789', 'time': 1613936650624, 'isBuyerMaker': False, 'isBestMatch': True}
{'id': 8009827, 'price': '0.00005251', 'qty': '28.00000000', 'quoteQty': '0.00147028', 'time': 1613936652828, 'isBuyerMaker': False, 'isBestMatch': True}
{'id': 8009828, 'price': '0.00005253', 'qty': '19.00000000', 'quoteQty': '0.00099807', 'time': 1613936652828, 'isBuyerMaker': False, 'isBestMatch': True}
{'id': 8009829, 'price': '0.00005264', 'qty': '5.00000000', 'quoteQty': '0.00026320', 'time': 1613936652828, 'isBuyerMaker': False, 'isBestMatch': True}
{'id': 8009830, 'price': '0.00005280', 'qty': '3.00000000', 'quoteQty': '0.00015840', 'time': 1613936652828, 'isBuyerMaker': False, 'isBestMatch': True}
{'id': 8009831, 'price': '0.00005280', 'qty': '240.00000000', 'quoteQty': '0.01267200', 'time': 1613936652828, 'isBuyerMaker': False, 'isBestMatch': True}
{'id': 8009832, 'price': '0.00005280', 'qty': '19.00000000', 'quoteQty': '0.00100320', 'time': 1613936652840, 'isBuyerMaker': True, 'isBestMatch': True}
{'id': 8009833, 'price': '0.00005280', 'qty': '6.00000000', 'quoteQty': '0.00031680', 'time': 1613936652841, 'isBuyerMaker': True, 'isBestMatch': True}
{'id': 8009834, 'price': '0.00005280', 'qty': '428.00000000', 'quoteQty': '0.02259840', 'time': 1613936654573, 'isBuyerMaker': False, 'isBestMatch': True}
{'id': 8009835, 'price': '0.00005280', 'qty': '642.00000000', 'quoteQty': '0.03389760', 'time': 1613936654573, 'isBuyerMaker': False, 'isBestMatch': True}
{'id': 8009836, 'price': '0.00005281', 'qty': '3.00000000', 'quoteQty': '0.00015843', 'time': 1613936654573, 'isBuyerMaker': False, 'isBestMatch': True}
{'id': 8009837, 'price': '0.00005282', 'qty': '3.00000000', 'quoteQty': '0.00015846', 'time': 1613936654573, 'isBuyerMaker': False, 'isBestMatch': True}
{'id': 8009838, 'price': '0.00005289', 'qty': '2.00000000', 'quoteQty': '0.00010578', 'time': 1613936654573, 'isBuyerMaker': False, 'isBestMatch': True}
{'id': 8009839, 'price': '0.00005292', 'qty': '19.00000000', 'quoteQty': '0.00100548', 'time': 1613936654573, 'isBuyerMaker': False, 'isBestMatch': True}
{'id': 8009840, 'price': '0.00005293', 'qty': '3.00000000', 'quoteQty': '0.00015879', 'time': 1613936654573, 'isBuyerMaker': False, 'isBestMatch': True}
{'id': 8009841, 'price': '0.00005300', 'qty': '70.00000000', 'quoteQty': '0.00371000', 'time': 1613936654573, 'isBuyerMaker': False, 'isBestMatch': True}
{'id': 8009842, 'price': '0.00005300', 'qty': '32.00000000', 'quoteQty': '0.00169600', 'time': 1613936654573, 'isBuyerMaker': False, 'isBestMatch': True}
{'id': 8009843, 'price': '0.00005300', 'qty': '3.00000000', 'quoteQty': '0.00015900', 'time': 1613936654573, 'isBuyerMaker': False, 'isBestMatch': True}
{'id': 8009844, 'price': '0.00005300', 'qty': '4.00000000', 'quoteQty': '0.00021200', 'time': 1613936654573, 'isBuyerMaker': False, 'isBestMatch': True}
{'id': 8009845, 'price': '0.00005300', 'qty': '19.00000000', 'quoteQty': '0.00100700', 'time': 1613936654573, 'isBuyerMaker': False, 'isBestMatch': True}
{'id': 8009846, 'price': '0.00005300', 'qty': '336.00000000', 'quoteQty': '0.01780800', 'time': 1613936654573, 'isBuyerMaker': False, 'isBestMatch': True}
{'id': 8009847, 'price': '0.00005300', 'qty': '140.00000000', 'quoteQty': '0.00742000', 'time': 1613936654573, 'isBuyerMaker': False, 'isBestMatch': True}
{'id': 8009848, 'price': '0.00005301', 'qty': '19.00000000', 'quoteQty': '0.00100719', 'time': 1613936654573, 'isBuyerMaker': False, 'isBestMatch': True}
{'id': 8009849, 'price': '0.00005304', 'qty': '69.00000000', 'quoteQty': '0.00365976', 'time': 1613936654573, 'isBuyerMaker': False, 'isBestMatch': True}
{'id': 8009850, 'price': '0.00005303', 'qty': '2.00000000', 'quoteQty': '0.00010606', 'time': 1613936664340, 'isBuyerMaker': False, 'isBestMatch': True}
{'id': 8009851, 'price': '0.00005303', 'qty': '2.00000000', 'quoteQty': '0.00010606', 'time': 1613936664340, 'isBuyerMaker': False, 'isBestMatch': True}
{'id': 8009852, 'price': '0.00005303', 'qty': '2.00000000', 'quoteQty': '0.00010606', 'time': 1613936664340, 'isBuyerMaker': False, 'isBestMatch': True}
{'id': 8009853, 'price': '0.00005303', 'qty': '2.00000000', 'quoteQty': '0.00010606', 'time': 1613936664340, 'isBuyerMaker': False, 'isBestMatch': True}
{'id': 8009854, 'price': '0.00005303', 'qty': '2.00000000', 'quoteQty': '0.00010606', 'time': 1613936664340, 'isBuyerMaker': False, 'isBestMatch': True}
{'id': 8009855, 'price': '0.00005303', 'qty': '2.00000000', 'quoteQty': '0.00010606', 'time': 1613936664340, 'isBuyerMaker': False, 'isBestMatch': True}
{'id': 8009856, 'price': '0.00005303', 'qty': '2.00000000', 'quoteQty': '0.00010606', 'time': 1613936664340, 'isBuyerMaker': False, 'isBestMatch': True}
{'id': 8009857, 'price': '0.00005303', 'qty': '2.00000000', 'quoteQty': '0.00010606', 'time': 1613936664340, 'isBuyerMaker': False, 'isBestMatch': True}
{'id': 8009858, 'price': '0.00005303', 'qty': '1.00000000', 'quoteQty': '0.00005303', 'time': 1613936664340, 'isBuyerMaker': False, 'isBestMatch': True}
{'id': 8009859, 'price': '0.00005303', 'qty': '358.00000000', 'quoteQty': '0.01898474', 'time': 1613936664387, 'isBuyerMaker': True, 'isBestMatch': True}
{'id': 8009860, 'price': '0.00005303', 'qty': '225.00000000', 'quoteQty': '0.01193175', 'time': 1613936664389, 'isBuyerMaker': True, 'isBestMatch': True}
{'id': 8009861, 'price': '0.00005303', 'qty': '213.00000000', 'quoteQty': '0.01129539', 'time': 1613936664391, 'isBuyerMaker': True, 'isBestMatch': True}
{'id': 8009862, 'price': '0.00005303', 'qty': '5.00000000', 'quoteQty': '0.00026515', 'time': 1613936664415, 'isBuyerMaker': True, 'isBestMatch': True}
{'id': 8009863, 'price': '0.00005304', 'qty': '54.00000000', 'quoteQty': '0.00286416', 'time': 1613936672901, 'isBuyerMaker': False, 'isBestMatch': True}
{'id': 8009864, 'price': '0.00005305', 'qty': '3.00000000', 'quoteQty': '0.00015915', 'time': 1613936672901, 'isBuyerMaker': False, 'isBestMatch': True}
{'id': 8009865, 'price': '0.00005303', 'qty': '77.00000000', 'quoteQty': '0.00408331', 'time': 1613936678261, 'isBuyerMaker': True, 'isBestMatch': True}
{'id': 8009866, 'price': '0.00005303', 'qty': '176.00000000', 'quoteQty': '0.00933328', 'time': 1613936678261, 'isBuyerMaker': True, 'isBestMatch': True}
{'id': 8009867, 'price': '0.00005306', 'qty': '16.00000000', 'quoteQty': '0.00084896', 'time': 1613936679530, 'isBuyerMaker': False, 'isBestMatch': True}
{'id': 8009868, 'price': '0.00005308', 'qty': '3.00000000', 'quoteQty': '0.00015924', 'time': 1613936679530, 'isBuyerMaker': False, 'isBestMatch': True}
{'id': 8009869, 'price': '0.00005310', 'qty': '9.00000000', 'quoteQty': '0.00047790', 'time': 1613936679530, 'isBuyerMaker': False, 'isBestMatch': True}
{'id': 8009870, 'price': '0.00005314', 'qty': '6.00000000', 'quoteQty': '0.00031884', 'time': 1613936679530, 'isBuyerMaker': False, 'isBestMatch': True}
{'id': 8009871, 'price': '0.00005320', 'qty': '3.00000000', 'quoteQty': '0.00015960', 'time': 1613936679530, 'isBuyerMaker': False, 'isBestMatch': True}
{'id': 8009872, 'price': '0.00005320', 'qty': '4.00000000', 'quoteQty': '0.00021280', 'time': 1613936679540, 'isBuyerMaker': True, 'isBestMatch': True}
{'id': 8009873, 'price': '0.00005321', 'qty': '5.00000000', 'quoteQty': '0.00026605', 'time': 1613936682802, 'isBuyerMaker': False, 'isBestMatch': True}
{'id': 8009874, 'price': '0.00005321', 'qty': '7.00000000', 'quoteQty': '0.00037247', 'time': 1613936682802, 'isBuyerMaker': False, 'isBestMatch': True}
{'id': 8009875, 'price': '0.00005321', 'qty': '47.00000000', 'quoteQty': '0.00250087', 'time': 1613936684848, 'isBuyerMaker': False, 'isBestMatch': True}
{'id': 8009876, 'price': '0.00005321', 'qty': '122.00000000', 'quoteQty': '0.00649162', 'time': 1613936684979, 'isBuyerMaker': False, 'isBestMatch': True}
{'id': 8009877, 'price': '0.00005320', 'qty': '11.00000000', 'quoteQty': '0.00058520', 'time': 1613936686459, 'isBuyerMaker': True, 'isBestMatch': True}
{'id': 8009878, 'price': '0.00005320', 'qty': '485.00000000', 'quoteQty': '0.02580200', 'time': 1613936687493, 'isBuyerMaker': True, 'isBestMatch': True}
{'id': 8009879, 'price': '0.00005290', 'qty': '3.00000000', 'quoteQty': '0.00015870', 'time': 1613936688212, 'isBuyerMaker': True, 'isBestMatch': True}
{'id': 8009880, 'price': '0.00005289', 'qty': '3.00000000', 'quoteQty': '0.00015867', 'time': 1613936688538, 'isBuyerMaker': False, 'isBestMatch': True}
{'id': 8009881, 'price': '0.00005289', 'qty': '431.00000000', 'quoteQty': '0.02279559', 'time': 1613936688538, 'isBuyerMaker': False, 'isBestMatch': True}
{'id': 8009882, 'price': '0.00005243', 'qty': '3.00000000', 'quoteQty': '0.00015729', 'time': 1613936689662, 'isBuyerMaker': True, 'isBestMatch': True}
{'id': 8009883, 'price': '0.00005242', 'qty': '2.00000000', 'quoteQty': '0.00010484', 'time': 1613936689662, 'isBuyerMaker': True, 'isBestMatch': True}
{'id': 8009884, 'price': '0.00005285', 'qty': '3.00000000', 'quoteQty': '0.00015855', 'time': 1613936690131, 'isBuyerMaker': False, 'isBestMatch': True}
{'id': 8009885, 'price': '0.00005250', 'qty': '3.00000000', 'quoteQty': '0.00015750', 'time': 1613936697757, 'isBuyerMaker': True, 'isBestMatch': True}
{'id': 8009886, 'price': '0.00005250', 'qty': '29.00000000', 'quoteQty': '0.00152250', 'time': 1613936697768, 'isBuyerMaker': False, 'isBestMatch': True}
{'id': 8009887, 'price': '0.00005250', 'qty': '22.00000000', 'quoteQty': '0.00115500', 'time': 1613936697782, 'isBuyerMaker': False, 'isBestMatch': True}
{'id': 8009888, 'price': '0.00005249', 'qty': '3.00000000', 'quoteQty': '0.00015747', 'time': 1613936709906, 'isBuyerMaker': False, 'isBestMatch': True}
{'id': 8009889, 'price': '0.00005250', 'qty': '757.00000000', 'quoteQty': '0.03974250', 'time': 1613936709906, 'isBuyerMaker': False, 'isBestMatch': True}
{'id': 8009890, 'price': '0.00005250', 'qty': '328.00000000', 'quoteQty': '0.01722000', 'time': 1613936709906, 'isBuyerMaker': False, 'isBestMatch': True}
{'id': 8009891, 'price': '0.00005250', 'qty': '667.00000000', 'quoteQty': '0.03501750', 'time': 1613936709906, 'isBuyerMaker': False, 'isBestMatch': True}
{'id': 8009892, 'price': '0.00005255', 'qty': '3.00000000', 'quoteQty': '0.00015765', 'time': 1613936712041, 'isBuyerMaker': True, 'isBestMatch': True}
{'id': 8009893, 'price': '0.00005255', 'qty': '79.00000000', 'quoteQty': '0.00415145', 'time': 1613936712041, 'isBuyerMaker': True, 'isBestMatch': True}
{'id': 8009894, 'price': '0.00005288', 'qty': '3.00000000', 'quoteQty': '0.00015864', 'time': 1613936712219, 'isBuyerMaker': False, 'isBestMatch': True}
{'id': 8009895, 'price': '0.00005288', 'qty': '42.00000000', 'quoteQty': '0.00222096', 'time': 1613936712219, 'isBuyerMaker': False, 'isBestMatch': True}
{'id': 8009896, 'price': '0.00005290', 'qty': '110.00000000', 'quoteQty': '0.00581900', 'time': 1613936717923, 'isBuyerMaker': False, 'isBestMatch': True}
{'id': 8009897, 'price': '0.00005290', 'qty': '6.00000000', 'quoteQty': '0.00031740', 'time': 1613936717923, 'isBuyerMaker': False, 'isBestMatch': True}
{'id': 8009898, 'price': '0.00005290', 'qty': '6.00000000', 'quoteQty': '0.00031740', 'time': 1613936717923, 'isBuyerMaker': False, 'isBestMatch': True}
{'id': 8009899, 'price': '0.00005290', 'qty': '6.00000000', 'quoteQty': '0.00031740', 'time': 1613936717923, 'isBuyerMaker': False, 'isBestMatch': True}
{'id': 8009900, 'price': '0.00005290', 'qty': '6.00000000', 'quoteQty': '0.00031740', 'time': 1613936717923, 'isBuyerMaker': False, 'isBestMatch': True}
{'id': 8009901, 'price': '0.00005290', 'qty': '6.00000000', 'quoteQty': '0.00031740', 'time': 1613936717923, 'isBuyerMaker': False, 'isBestMatch': True}
{'id': 8009902, 'price': '0.00005290', 'qty': '6.00000000', 'quoteQty': '0.00031740', 'time': 1613936717923, 'isBuyerMaker': False, 'isBestMatch': True}
{'id': 8009903, 'price': '0.00005290', 'qty': '6.00000000', 'quoteQty': '0.00031740', 'time': 1613936717923, 'isBuyerMaker': False, 'isBestMatch': True}
{'id': 8009904, 'price': '0.00005290', 'qty': '6.00000000', 'quoteQty': '0.00031740', 'time': 1613936717923, 'isBuyerMaker': False, 'isBestMatch': True}
{'id': 8009905, 'price': '0.00005290', 'qty': '6.00000000', 'quoteQty': '0.00031740', 'time': 1613936717923, 'isBuyerMaker': False, 'isBestMatch': True}
{'id': 8009906, 'price': '0.00005290', 'qty': '6.00000000', 'quoteQty': '0.00031740', 'time': 1613936717923, 'isBuyerMaker': False, 'isBestMatch': True}
{'id': 8009907, 'price': '0.00005302', 'qty': '37.00000000', 'quoteQty': '0.00196174', 'time': 1613936717923, 'isBuyerMaker': False, 'isBestMatch': True}
{'id': 8009908, 'price': '0.00005303', 'qty': '169.00000000', 'quoteQty': '0.00896207', 'time': 1613936717923, 'isBuyerMaker': False, 'isBestMatch': True}
{'id': 8009909, 'price': '0.00005303', 'qty': '36.00000000', 'quoteQty': '0.00190908', 'time': 1613936717923, 'isBuyerMaker': False, 'isBestMatch': True}
{'id': 8009910, 'price': '0.00005325', 'qty': '119.00000000', 'quoteQty': '0.00633675', 'time': 1613936717923, 'isBuyerMaker': False, 'isBestMatch': True}
{'id': 8009911, 'price': '0.00005326', 'qty': '42.00000000', 'quoteQty': '0.00223692', 'time': 1613936717923, 'isBuyerMaker': False, 'isBestMatch': True}
{'id': 8009912, 'price': '0.00005339', 'qty': '28.00000000', 'quoteQty': '0.00149492', 'time': 1613936717923, 'isBuyerMaker': False, 'isBestMatch': True}
{'id': 8009913, 'price': '0.00005346', 'qty': '18.00000000', 'quoteQty': '0.00096228', 'time': 1613936717923, 'isBuyerMaker': False, 'isBestMatch': True}
{'id': 8009914, 'price': '0.00005347', 'qty': '2.00000000', 'quoteQty': '0.00010694', 'time': 1613936717923, 'isBuyerMaker': False, 'isBestMatch': True}
{'id': 8009915, 'price': '0.00005350', 'qty': '50.00000000', 'quoteQty': '0.00267500', 'time': 1613936717923, 'isBuyerMaker': False, 'isBestMatch': True}
{'id': 8009916, 'price': '0.00005356', 'qty': '3.00000000', 'quoteQty': '0.00016068', 'time': 1613936717923, 'isBuyerMaker': False, 'isBestMatch': True}
{'id': 8009917, 'price': '0.00005360', 'qty': '3.00000000', 'quoteQty': '0.00016080', 'time': 1613936717923, 'isBuyerMaker': False, 'isBestMatch': True}
{'id': 8009918, 'price': '0.00005369', 'qty': '3.00000000', 'quoteQty': '0.00016107', 'time': 1613936717923, 'isBuyerMaker': False, 'isBestMatch': True}
{'id': 8009919, 'price': '0.00005369', 'qty': '9.00000000', 'quoteQty': '0.00048321', 'time': 1613936717923, 'isBuyerMaker': False, 'isBestMatch': True}
{'id': 8009920, 'price': '0.00005372', 'qty': '241.00000000', 'quoteQty': '0.01294652', 'time': 1613936717923, 'isBuyerMaker': False, 'isBestMatch': True}
{'id': 8009921, 'price': '0.00005295', 'qty': '3.00000000', 'quoteQty': '0.00015885', 'time': 1613936718402, 'isBuyerMaker': True, 'isBestMatch': True}
{'id': 8009922, 'price': '0.00005295', 'qty': '138.00000000', 'quoteQty': '0.00730710', 'time': 1613936718402, 'isBuyerMaker': True, 'isBestMatch': True}
{'id': 8009923, 'price': '0.00005302', 'qty': '3.00000000', 'quoteQty': '0.00015906', 'time': 1613936721081, 'isBuyerMaker': True, 'isBestMatch': True}
