{'id': 7928041, 'price': '0.00005006', 'qty': '264.00000000', 'quoteQty': '0.01321584', 'time': 1613250106262, 'isBuyerMaker': True, 'isBestMatch': True}
{'id': 7928042, 'price': '0.00005006', 'qty': '84.00000000', 'quoteQty': '0.00420504', 'time': 1613250106266, 'isBuyerMaker': True, 'isBestMatch': True}
{'id': 7928043, 'price': '0.00005038', 'qty': '348.00000000', 'quoteQty': '0.01753224', 'time': 1613250106284, 'isBuyerMaker': False, 'isBestMatch': True}
{'id': 7928044, 'price': '0.00005039', 'qty': '75.00000000', 'quoteQty': '0.00377925', 'time': 1613250106284, 'isBuyerMaker': False, 'isBestMatch': True}
{'id': 7928045, 'price': '0.00005040', 'qty': '212.00000000', 'quoteQty': '0.01068480', 'time': 1613250106284, 'isBuyerMaker': False, 'isBestMatch': True}
{'id': 7928046, 'price': '0.00005041', 'qty': '19.00000000', 'quoteQty': '0.00095779', 'time': 1613250106284, 'isBuyerMaker': False, 'isBestMatch': True}
{'id': 7928047, 'price': '0.00005005', 'qty': '73.00000000', 'quoteQty': '0.00365365', 'time': 1613250106291, 'isBuyerMaker': True, 'isBestMatch': True}
{'id': 7928048, 'price': '0.00005006', 'qty': '3.00000000', 'quoteQty': '0.00015018', 'time': 1613250106401, 'isBuyerMaker': True, 'isBestMatch': True}
{'id': 7928049, 'price': '0.00005038', 'qty': '39.00000000', 'quoteQty': '0.00196482', 'time': 1613250106416, 'isBuyerMaker': False, 'isBestMatch': True}
{'id': 7928050, 'price': '0.00005039', 'qty': '234.00000000', 'quoteQty': '0.01179126', 'time': 1613250106416, 'isBuyerMaker': False, 'isBestMatch': True}
{'id': 7928051, 'price': '0.00005006', 'qty': '28.00000000', 'quoteQty': '0.00140168', 'time': 1613250106418, 'isBuyerMaker': True, 'isBestMatch': True}
{'id': 7928052, 'price': '0.00005006', 'qty': '8.00000000', 'quoteQty': '0.00040048', 'time': 1613250106418, 'isBuyerMaker': True, 'isBestMatch': True}
{'id': 7928053, 'price': '0.00005005', 'qty': '5.00000000', 'quoteQty': '0.00025025', 'time': 1613250106418, 'isBuyerMaker': True, 'isBestMatch': True}
{'id': 7928054, 'price': '0.00005005', 'qty': '3.00000000', 'quoteQty': '0.00015015', 'time': 1613250106419, 'isBuyerMaker': True, 'isBestMatch': True}
{'id': 7928055, 'price': '0.00004994', 'qty': '201.00000000', 'quoteQty': '0.01003794', 'time': 1613250106419, 'isBuyerMaker': True, 'isBestMatch': True}
{'id': 7928056, 'price': '0.00004994', 'qty': '18.00000000', 'quoteQty': '0.00089892', 'time': 1613250106428, 'isBuyerMaker': True, 'isBestMatch': True}
{'id': 7928057, 'price': '0.00005038', 'qty': '1.00000000', 'quoteQty': '0.00005038', 'time': 1613250106609, 'isBuyerMaker': False, 'isBestMatch': True}
{'id': 7928058, 'price': '0.00005038', 'qty': '2.00000000', 'quoteQty': '0.00010076', 'time': 1613250106630, 'isBuyerMaker': False, 'isBestMatch': True}
{'id': 7928059, 'price': '0.00005039', 'qty': '160.00000000', 'quoteQty': '0.00806240', 'time': 1613250106630, 'isBuyerMaker': False, 'isBestMatch': True}
{'id': 7928060, 'price': '0.00004995', 'qty': '32.00000000', 'quoteQty': '0.00159840', 'time': 1613250106664, 'isBuyerMaker': True, 'isBestMatch': True}
{'id': 7928061, 'price': '0.00004995', 'qty': '6.00000000', 'quoteQty': '0.00029970', 'time': 1613250106673, 'isBuyerMaker': True, 'isBestMatch': True}
{'id': 7928062, 'price': '0.00005038', 'qty': '2.00000000', 'quoteQty': '0.00010076', 'time': 1613250106739, 'isBuyerMaker': False, 'isBestMatch': True}
{'id': 7928063, 'price': '0.00005038', 'qty': '34.00000000', 'quoteQty': '0.00171292', 'time': 1613250106884, 'isBuyerMaker': False, 'isBestMatch': True}
{'id': 7928064, 'price': '0.00005039', 'qty': '422.00000000', 'quoteQty': '0.02126458', 'time': 1613250106884, 'isBuyerMaker': False, 'isBestMatch': True}
{'id': 7928065, 'price': '0.00005041', 'qty': '143.00000000', 'quoteQty': '0.00720863', 'time': 1613250106884, 'isBuyerMaker': False, 'isBestMatch': True}
{'id': 7928066, 'price': '0.00005064', 'qty': '9.00000000', 'quoteQty': '0.00045576', 'time': 1613250106884, 'isBuyerMaker': False, 'isBestMatch': True}
{'id': 7928067, 'price': '0.00005074', 'qty': '221.00000000', 'quoteQty': '0.01121354', 'time': 1613250106884, 'isBuyerMaker': False, 'isBestMatch': True}
{'id': 7928068, 'price': '0.00005101', 'qty': '80.00000000', 'quoteQty': '0.00408080', 'time': 1613250106884, 'isBuyerMaker': False, 'isBestMatch': True}
{'id': 7928069, 'price': '0.00005119', 'qty': '54.00000000', 'quoteQty': '0.00276426', 'time': 1613250106884, 'isBuyerMaker': False, 'isBestMatch': True}
{'id': 7928070, 'price': '0.00005110', 'qty': '16.00000000', 'quoteQty': '0.00081760', 'time': 1613250106966, 'isBuyerMaker': False, 'isBestMatch': True}
{'id': 7928071, 'price': '0.00005110', 'qty': '10.00000000', 'quoteQty': '0.00051100', 'time': 1613250106972, 'isBuyerMaker': False, 'isBestMatch': True}
{'id': 7928072, 'price': '0.00005110', 'qty': '10.00000000', 'quoteQty': '0.00051100', 'time': 1613250106979, 'isBuyerMaker': False, 'isBestMatch': True}
{'id': 7928073, 'price': '0.00005110', 'qty': '2.00000000', 'quoteQty': '0.00010220', 'time': 1613250106988, 'isBuyerMaker': False, 'isBestMatch': True}
{'id': 7928074, 'price': '0.00005110', 'qty': '56.00000000', 'quoteQty': '0.00286160', 'time': 1613250106988, 'isBuyerMaker': False, 'isBestMatch': True}
{'id': 7928075, 'price': '0.00005005', 'qty': '34.00000000', 'quoteQty': '0.00170170', 'time': 1613250107013, 'isBuyerMaker': True, 'isBestMatch': True}
{'id': 7928076, 'price': '0.00005005', 'qty': '34.00000000', 'quoteQty': '0.00170170', 'time': 1613250107013, 'isBuyerMaker': True, 'isBestMatch': True}
{'id': 7928077, 'price': '0.00005005', 'qty': '34.00000000', 'quoteQty': '0.00170170', 'time': 1613250107013, 'isBuyerMaker': True, 'isBestMatch': True}
{'id': 7928078, 'price': '0.00005005', 'qty': '34.00000000', 'quoteQty': '0.00170170', 'time': 1613250107013, 'isBuyerMaker': True, 'isBestMatch': True}
{'id': 7928079, 'price': '0.00005005', 'qty': '34.00000000', 'quoteQty': '0.00170170', 'time': 1613250107013, 'isBuyerMaker': True, 'isBestMatch': True}
{'id': 7928080, 'price': '0.00005005', 'qty': '34.00000000', 'quoteQty': '0.00170170', 'time': 1613250107013, 'isBuyerMaker': True, 'isBestMatch': True}
{'id': 7928081, 'price': '0.00005005', 'qty': '34.00000000', 'quoteQty': '0.00170170', 'time': 1613250107013, 'isBuyerMaker': True, 'isBestMatch': True}
{'id': 7928082, 'price': '0.00005005', 'qty': '34.00000000', 'quoteQty': '0.00170170', 'time': 1613250107013, 'isBuyerMaker': True, 'isBestMatch': True}
{'id': 7928083, 'price': '0.00005005', 'qty': '34.00000000', 'quoteQty': '0.00170170', 'time': 1613250107013, 'isBuyerMaker': True, 'isBestMatch': True}
{'id': 7928084, 'price': '0.00005005', 'qty': '30.00000000', 'quoteQty': '0.00150150', 'time': 1613250107013, 'isBuyerMaker': True, 'isBestMatch': True}
{'id': 7928085, 'price': '0.00004994', 'qty': '11.00000000', 'quoteQty': '0.00054934', 'time': 1613250107013, 'isBuyerMaker': True, 'isBestMatch': True}
{'id': 7928086, 'price': '0.00004994', 'qty': '5.00000000', 'quoteQty': '0.00024970', 'time': 1613250107013, 'isBuyerMaker': True, 'isBestMatch': True}
{'id': 7928087, 'price': '0.00004994', 'qty': '51.00000000', 'quoteQty': '0.00254694', 'time': 1613250107013, 'isBuyerMaker': True, 'isBestMatch': True}
{'id': 7928088, 'price': '0.00004992', 'qty': '123.00000000', 'quoteQty': '0.00614016', 'time': 1613250107013, 'isBuyerMaker': True, 'isBestMatch': True}
{'id': 7928089, 'price': '0.00004990', 'qty': '173.00000000', 'quoteQty': '0.00863270', 'time': 1613250107013, 'isBuyerMaker': True, 'isBestMatch': True}
{'id': 7928090, 'price': '0.00004984', 'qty': '9.00000000', 'quoteQty': '0.00044856', 'time': 1613250107013, 'isBuyerMaker': True, 'isBestMatch': True}
{'id': 7928091, 'price': '0.00004983', 'qty': '51.00000000', 'quoteQty': '0.00254133', 'time': 1613250107013, 'isBuyerMaker': True, 'isBestMatch': True}
{'id': 7928092, 'price': '0.00005111', 'qty': '24.00000000', 'quoteQty': '0.00122664', 'time': 1613250107038, 'isBuyerMaker': False, 'isBestMatch': True}
{'id': 7928093, 'price': '0.00005006', 'qty': '39.00000000', 'quoteQty': '0.00195234', 'time': 1613250107115, 'isBuyerMaker': True, 'isBestMatch': True}
{'id': 7928094, 'price': '0.00004984', 'qty': '87.00000000', 'quoteQty': '0.00433608', 'time': 1613250107115, 'isBuyerMaker': True, 'isBestMatch': True}
{'id': 7928095, 'price': '0.00005001', 'qty': '39.00000000', 'quoteQty': '0.00195039', 'time': 1613250107234, 'isBuyerMaker': True, 'isBestMatch': True}
{'id': 7928096, 'price': '0.00005000', 'qty': '8.00000000', 'quoteQty': '0.00040000', 'time': 1613250107234, 'isBuyerMaker': True, 'isBestMatch': True}
{'id': 7928097, 'price': '0.00005000', 'qty': '295.00000000', 'quoteQty': '0.01475000', 'time': 1613250107234, 'isBuyerMaker': True, 'isBestMatch': True}
{'id': 7928098, 'price': '0.00005084', 'qty': '39.00000000', 'quoteQty': '0.00198276', 'time': 1613250107321, 'isBuyerMaker': False, 'isBestMatch': True}
{'id': 7928099, 'price': '0.00005085', 'qty': '7.00000000', 'quoteQty': '0.00035595', 'time': 1613250107321, 'isBuyerMaker': False, 'isBestMatch': True}
{'id': 7928100, 'price': '0.00005085', 'qty': '7.00000000', 'quoteQty': '0.00035595', 'time': 1613250107321, 'isBuyerMaker': False, 'isBestMatch': True}
{'id': 7928101, 'price': '0.00005085', 'qty': '6.00000000', 'quoteQty': '0.00030510', 'time': 1613250107321, 'isBuyerMaker': False, 'isBestMatch': True}
{'id': 7928102, 'price': '0.00005001', 'qty': '2.00000000', 'quoteQty': '0.00010002', 'time': 1613250107359, 'isBuyerMaker': True, 'isBestMatch': True}
{'id': 7928103, 'price': '0.00005001', 'qty': '5.00000000', 'quoteQty': '0.00025005', 'time': 1613250107389, 'isBuyerMaker': True, 'isBestMatch': True}
{'id': 7928104, 'price': '0.00005062', 'qty': '19.00000000', 'quoteQty': '0.00096178', 'time': 1613250107401, 'isBuyerMaker': False, 'isBestMatch': True}
{'id': 7928105, 'price': '0.00005062', 'qty': '6.00000000', 'quoteQty': '0.00030372', 'time': 1613250107402, 'isBuyerMaker': False, 'isBestMatch': True}
{'id': 7928106, 'price': '0.00005062', 'qty': '10.00000000', 'quoteQty': '0.00050620', 'time': 1613250107484, 'isBuyerMaker': False, 'isBestMatch': True}
{'id': 7928107, 'price': '0.00005001', 'qty': '10.00000000', 'quoteQty': '0.00050010', 'time': 1613250107503, 'isBuyerMaker': True, 'isBestMatch': True}
{'id': 7928108, 'price': '0.00005001', 'qty': '11.00000000', 'quoteQty': '0.00055011', 'time': 1613250107529, 'isBuyerMaker': True, 'isBestMatch': True}
{'id': 7928109, 'price': '0.00005001', 'qty': '11.00000000', 'quoteQty': '0.00055011', 'time': 1613250107539, 'isBuyerMaker': True, 'isBestMatch': True}
{'id': 7928110, 'price': '0.00005001', 'qty': '31.00000000', 'quoteQty': '0.00155031', 'time': 1613250107539, 'isBuyerMaker': True, 'isBestMatch': True}
{'id': 7928111, 'price': '0.00005002', 'qty': '39.00000000', 'quoteQty': '0.00195078', 'time': 1613250107549, 'isBuyerMaker': True, 'isBestMatch': True}
{'id': 7928112, 'price': '0.00005001', 'qty': '369.00000000', 'quoteQty': '0.01845369', 'time': 1613250107549, 'isBuyerMaker': True, 'isBestMatch': True}
{'id': 7928113, 'price': '0.00005000', 'qty': '8.00000000', 'quoteQty': '0.00040000', 'time': 1613250107549, 'isBuyerMaker': True, 'isBestMatch': True}
{'id': 7928114, 'price': '0.00005000', 'qty': '6.00000000', 'quoteQty': '0.00030000', 'time': 1613250107594, 'isBuyerMaker': True, 'isBestMatch': True}
{'id': 7928115, 'price': '0.00005000', 'qty': '21.00000000', 'quoteQty': '0.00105000', 'time': 1613250107640, 'isBuyerMaker': True, 'isBestMatch': True}
{'id': 7928116, 'price': '0.00005000', 'qty': '171.00000000', 'quoteQty': '0.00855000', 'time': 1613250107687, 'isBuyerMaker': True, 'isBestMatch': True}
{'id': 7928117, 'price': '0.00005062', 'qty': '4.00000000', 'quoteQty': '0.00020248', 'time': 1613250107724, 'isBuyerMaker': False, 'isBestMatch': True}
{'id': 7928118, 'price': '0.00005063', 'qty': '8.00000000', 'quoteQty': '0.00040504', 'time': 1613250107724, 'isBuyerMaker': False, 'isBestMatch': True}
{'id': 7928119, 'price': '0.00005001', 'qty': '5.00000000', 'quoteQty': '0.00025005', 'time': 1613250107737, 'isBuyerMaker': True, 'isBestMatch': True}
{'id': 7928120, 'price': '0.00005001', 'qty': '2.00000000', 'quoteQty': '0.00010002', 'time': 1613250107815, 'isBuyerMaker': True, 'isBestMatch': True}
{'id': 7928121, 'price': '0.00005001', 'qty': '18.00000000', 'quoteQty': '0.00090018', 'time': 1613250107823, 'isBuyerMaker': True, 'isBestMatch': True}
{'id': 7928122, 'price': '0.00005006', 'qty': '2.00000000', 'quoteQty': '0.00010012', 'time': 1613250107857, 'isBuyerMaker': True, 'isBestMatch': True}
{'id': 7928123, 'price': '0.00005001', 'qty': '14.00000000', 'quoteQty': '0.00070014', 'time': 1613250107857, 'isBuyerMaker': True, 'isBestMatch': True}
{'id': 7928124, 'price': '0.00005000', 'qty': '35.00000000', 'quoteQty': '0.00175000', 'time': 1613250107857, 'isBuyerMaker': True, 'isBestMatch': True}
{'id': 7928125, 'price': '0.00005000', 'qty': '80.00000000', 'quoteQty': '0.00400000', 'time': 1613250107861, 'isBuyerMaker': True, 'isBestMatch': True}
{'id': 7928126, 'price': '0.00005062', 'qty': '43.00000000', 'quoteQty': '0.00217666', 'time': 1613250107869, 'isBuyerMaker': False, 'isBestMatch': True}
{'id': 7928127, 'price': '0.00005000', 'qty': '13.00000000', 'quoteQty': '0.00065000', 'time': 1613250107872, 'isBuyerMaker': True, 'isBestMatch': True}
{'id': 7928128, 'price': '0.00005062', 'qty': '16.00000000', 'quoteQty': '0.00080992', 'time': 1613250107991, 'isBuyerMaker': False, 'isBestMatch': True}
{'id': 7928129, 'price': '0.00005061', 'qty': '4.00000000', 'quoteQty': '0.00020244', 'time': 1613250108041, 'isBuyerMaker': True, 'isBestMatch': True}
{'id': 7928130, 'price': '0.00005001', 'qty': '39.00000000', 'quoteQty': '0.00195039', 'time': 1613250108041, 'isBuyerMaker': True, 'isBestMatch': True}
{'id': 7928131, 'price': '0.00005000', 'qty': '50.00000000', 'quoteQty': '0.00250000', 'time': 1613250108041, 'isBuyerMaker': True, 'isBestMatch': True}
{'id': 7928132, 'price': '0.00005000', 'qty': '43.00000000', 'quoteQty': '0.00215000', 'time': 1613250108097, 'isBuyerMaker': True, 'isBestMatch': True}
{'id': 7928133, 'price': '0.00005039', 'qty': '3.00000000', 'quoteQty': '0.00015117', 'time': 1613250108188, 'isBuyerMaker': True, 'isBestMatch': True}
{'id': 7928134, 'price': '0.00005055', 'qty': '19.00000000', 'quoteQty': '0.00096045', 'time': 1613250108191, 'isBuyerMaker': False, 'isBestMatch': True}
{'id': 7928135, 'price': '0.00005056', 'qty': '2.00000000', 'quoteQty': '0.00010112', 'time': 1613250108191, 'isBuyerMaker': False, 'isBestMatch': True}
{'id': 7928136, 'price': '0.00005063', 'qty': '6.00000000', 'quoteQty': '0.00030378', 'time': 1613250108191, 'isBuyerMaker': False, 'isBestMatch': True}
{'id': 7928137, 'price': '0.00005039', 'qty': '32.00000000', 'quoteQty': '0.00161248', 'time': 1613250108209, 'isBuyerMaker': True, 'isBestMatch': True}
{'id': 7928138, 'price': '0.00005063', 'qty': '19.00000000', 'quoteQty': '0.00096197', 'time': 1613250108256, 'isBuyerMaker': False, 'isBestMatch': True}
{'id': 7928139, 'price': '0.00005085', 'qty': '1.00000000', 'quoteQty': '0.00005085', 'time': 1613250108256, 'isBuyerMaker': False, 'isBestMatch': True}
{'id': 7928140, 'price': '0.00005085', 'qty': '7.00000000', 'quoteQty': '0.00035595', 'time': 1613250108256, 'isBuyerMaker': False, 'isBestMatch': True}
{'id': 7928141, 'price': '0.00005085', 'qty': '7.00000000', 'quoteQty': '0.00035595', 'time': 1613250108256, 'isBuyerMaker': False, 'isBestMatch': True}
{'id': 7928142, 'price': '0.00005085', 'qty': '3.00000000', 'quoteQty': '0.00015255', 'time': 1613250108256, 'isBuyerMaker': False, 'isBestMatch': True}
{'id': 7928143, 'price': '0.00005084', 'qty': '35.00000000', 'quoteQty': '0.00177940', 'time': 1613250108389, 'isBuyerMaker': False, 'isBestMatch': True}
{'id': 7928144, 'price': '0.00005084', 'qty': '1.00000000', 'quoteQty': '0.00005084', 'time': 1613250108402, 'isBuyerMaker': False, 'isBestMatch': True}
{'id': 7928145, 'price': '0.00005040', 'qty': '2.00000000', 'quoteQty': '0.00010080', 'time': 1613250108420, 'isBuyerMaker': True, 'isBestMatch': True}
{'id': 7928146, 'price': '0.00005040', 'qty': '37.00000000', 'quoteQty': '0.00186480', 'time': 1613250108422, 'isBuyerMaker': True, 'isBestMatch': True}
{'id': 7928147, 'price': '0.00005039', 'qty': '21.00000000', 'quoteQty': '0.00105819', 'time': 1613250108422, 'isBuyerMaker': True, 'isBestMatch': True}
{'id': 7928148, 'price': '0.00005005', 'qty': '96.00000000', 'quoteQty': '0.00480480', 'time': 1613250108422, 'isBuyerMaker': True, 'isBestMatch': True}
{'id': 7928149, 'price': '0.00005084', 'qty': '19.00000000', 'quoteQty': '0.00096596', 'time': 1613250108450, 'isBuyerMaker': False, 'isBestMatch': True}
{'id': 7928150, 'price': '0.00005084', 'qty': '8.00000000', 'quoteQty': '0.00040672', 'time': 1613250108472, 'isBuyerMaker': False, 'isBestMatch': True}
{'id': 7928151, 'price': '0.00005006', 'qty': '39.00000000', 'quoteQty': '0.00195234', 'time': 1613250108497, 'isBuyerMaker': True, 'isBestMatch': True}
{'id': 7928152, 'price': '0.00005005', 'qty': '43.00000000', 'quoteQty': '0.00215215', 'time': 1613250108497, 'isBuyerMaker': True, 'isBestMatch': True}
{'id': 7928153, 'price': '0.00005002', 'qty': '5.00000000', 'quoteQty': '0.00025010', 'time': 1613250108497, 'isBuyerMaker': True, 'isBestMatch': True}
{'id': 7928154, 'price': '0.00005000', 'qty': '429.00000000', 'quoteQty': '0.02145000', 'time': 1613250108497, 'isBuyerMaker': True, 'isBestMatch': True}
{'id': 7928155, 'price': '0.00004993', 'qty': '20.00000000', 'quoteQty': '0.00099860', 'time': 1613250108497, 'isBuyerMaker': True, 'isBestMatch': True}
{'id': 7928156, 'price': '0.00004979', 'qty': '30.00000000', 'quoteQty': '0.00149370', 'time': 1613250108497, 'isBuyerMaker': True, 'isBestMatch': True}
{'id': 7928157, 'price': '0.00004979', 'qty': '236.00000000', 'quoteQty': '0.01175044', 'time': 1613250108497, 'isBuyerMaker': True, 'isBestMatch': True}
{'id': 7928158, 'price': '0.00004979', 'qty': '6.00000000', 'quoteQty': '0.00029874', 'time': 1613250108497, 'isBuyerMaker': True, 'isBestMatch': True}
{'id': 7928159, 'price': '0.00004978', 'qty': '22.00000000', 'quoteQty': '0.00109516', 'time': 1613250108497, 'isBuyerMaker': True, 'isBestMatch': True}
{'id': 7928160, 'price': '0.00004969', 'qty': '17.00000000', 'quoteQty': '0.00084473', 'time': 1613250108497, 'isBuyerMaker': True, 'isBestMatch': True}
{'id': 7928161, 'price': '0.00004967', 'qty': '7.00000000', 'quoteQty': '0.00034769', 'time': 1613250108497, 'isBuyerMaker': True, 'isBestMatch': True}
{'id': 7928162, 'price': '0.00004967', 'qty': '11.00000000', 'quoteQty': '0.00054637', 'time': 1613250108497, 'isBuyerMaker': True, 'isBestMatch': True}
{'id': 7928163, 'price': '0.00004967', 'qty': '12.00000000', 'quoteQty': '0.00059604', 'time': 1613250108497, 'isBuyerMaker': True, 'isBestMatch': True}
{'id': 7928164, 'price': '0.00004963', 'qty': '100.00000000', 'quoteQty': '0.00496300', 'time': 1613250108497, 'isBuyerMaker': True, 'isBestMatch': True}
{'id': 7928165, 'price': '0.00004963', 'qty': '462.00000000', 'quoteQty': '0.02292906', 'time': 1613250108497, 'isBuyerMaker': True, 'isBestMatch': True}
{'id': 7928166, 'price': '0.00004963', 'qty': '23.00000000', 'quoteQty': '0.00114149', 'time': 1613250108497, 'isBuyerMaker': True, 'isBestMatch': True}
{'id': 7928167, 'price': '0.00004964', 'qty': '31.00000000', 'quoteQty': '0.00153884', 'time': 1613250108544, 'isBuyerMaker': True, 'isBestMatch': True}
{'id': 7928168, 'price': '0.00004964', 'qty': '2.00000000', 'quoteQty': '0.00009928', 'time': 1613250108633, 'isBuyerMaker': True, 'isBestMatch': True}
{'id': 7928169, 'price': '0.00005007', 'qty': '19.00000000', 'quoteQty': '0.00095133', 'time': 1613250108738, 'isBuyerMaker': True, 'isBestMatch': True}
{'id': 7928170, 'price': '0.00004970', 'qty': '3.00000000', 'quoteQty': '0.00014910', 'time': 1613250108738, 'isBuyerMaker': True, 'isBestMatch': True}
{'id': 7928171, 'price': '0.00004970', 'qty': '2.00000000', 'quoteQty': '0.00009940', 'time': 1613250108738, 'isBuyerMaker': True, 'isBestMatch': True}
{'id': 7928172, 'price': '0.00004970', 'qty': '1.00000000', 'quoteQty': '0.00004970', 'time': 1613250108751, 'isBuyerMaker': True, 'isBestMatch': True}
{'id': 7928173, 'price': '0.00004970', 'qty': '3.00000000', 'quoteQty': '0.00014910', 'time': 1613250108751, 'isBuyerMaker': True, 'isBestMatch': True}
{'id': 7928174, 'price': '0.00004970', 'qty': '3.00000000', 'quoteQty': '0.00014910', 'time': 1613250108751, 'isBuyerMaker': True, 'isBestMatch': True}
{'id': 7928175, 'price': '0.00004970', 'qty': '3.00000000', 'quoteQty': '0.00014910', 'time': 1613250108751, 'isBuyerMaker': True, 'isBestMatch': True}
{'id': 7928176, 'price': '0.00004970', 'qty': '2.00000000', 'quoteQty': '0.00009940', 'time': 1613250108751, 'isBuyerMaker': True, 'isBestMatch': True}
{'id': 7928177, 'price': '0.00004965', 'qty': '79.00000000', 'quoteQty': '0.00392235', 'time': 1613250108751, 'isBuyerMaker': True, 'isBestMatch': True}
{'id': 7928178, 'price': '0.00004965', 'qty': '158.00000000', 'quoteQty': '0.00784470', 'time': 1613250108751, 'isBuyerMaker': True, 'isBestMatch': True}
{'id': 7928179, 'price': '0.00004964', 'qty': '74.00000000', 'quoteQty': '0.00367336', 'time': 1613250108751, 'isBuyerMaker': True, 'isBestMatch': True}
{'id': 7928180, 'price': '0.00005055', 'qty': '2.00000000', 'quoteQty': '0.00010110', 'time': 1613250108804, 'isBuyerMaker': True, 'isBestMatch': True}
{'id': 7928181, 'price': '0.00004993', 'qty': '1.00000000', 'quoteQty': '0.00004993', 'time': 1613250108804, 'isBuyerMaker': True, 'isBestMatch': True}
{'id': 7928182, 'price': '0.00004993', 'qty': '5.00000000', 'quoteQty': '0.00024965', 'time': 1613250108809, 'isBuyerMaker': True, 'isBestMatch': True}
{'id': 7928183, 'price': '0.00004966', 'qty': '1.00000000', 'quoteQty': '0.00004966', 'time': 1613250108809, 'isBuyerMaker': True, 'isBestMatch': True}
{'id': 7928184, 'price': '0.00004967', 'qty': '148.00000000', 'quoteQty': '0.00735116', 'time': 1613250108833, 'isBuyerMaker': True, 'isBestMatch': True}
{'id': 7928185, 'price': '0.00005000', 'qty': '8.00000000', 'quoteQty': '0.00040000', 'time': 1613250108906, 'isBuyerMaker': False, 'isBestMatch': True}
{'id': 7928186, 'price': '0.00004999', 'qty': '15.00000000', 'quoteQty': '0.00074985', 'time': 1613250108924, 'isBuyerMaker': False, 'isBestMatch': True}
{'id': 7928187, 'price': '0.00005000', 'qty': '2.00000000', 'quoteQty': '0.00010000', 'time': 1613250108924, 'isBuyerMaker': False, 'isBestMatch': True}
{'id': 7928188, 'price': '0.00005000', 'qty': '62.00000000', 'quoteQty': '0.00310000', 'time': 1613250108925, 'isBuyerMaker': False, 'isBestMatch': True}
{'id': 7928189, 'price': '0.00004999', 'qty': '75.00000000', 'quoteQty': '0.00374925', 'time': 1613250108951, 'isBuyerMaker': False, 'isBestMatch': True}
{'id': 7928190, 'price': '0.00004999', 'qty': '3.00000000', 'quoteQty': '0.00014997', 'time': 1613250109008, 'isBuyerMaker': False, 'isBestMatch': True}
{'id': 7928191, 'price': '0.00005000', 'qty': '11.00000000', 'quoteQty': '0.00055000', 'time': 1613250109008, 'isBuyerMaker': False, 'isBestMatch': True}
{'id': 7928192, 'price': '0.00005000', 'qty': '3.00000000', 'quoteQty': '0.00015000', 'time': 1613250109010, 'isBuyerMaker': False, 'isBestMatch': True}
{'id': 7928193, 'price': '0.00005000', 'qty': '35.00000000', 'quoteQty': '0.00175000', 'time': 1613250109029, 'isBuyerMaker': False, 'isBestMatch': True}
{'id': 7928194, 'price': '0.00005000', 'qty': '1543.00000000', 'quoteQty': '0.07715000', 'time': 1613250109066, 'isBuyerMaker': False, 'isBestMatch': True}
{'id': 7928195, 'price': '0.00004995', 'qty': '17.00000000', 'quoteQty': '0.00084915', 'time': 1613250109199, 'isBuyerMaker': True, 'isBestMatch': True}
{'id': 7928196, 'price': '0.00005040', 'qty': '17.00000000', 'quoteQty': '0.00085680', 'time': 1613250109253, 'isBuyerMaker': False, 'isBestMatch': True}
{'id': 7928197, 'price': '0.00005041', 'qty': '2.00000000', 'quoteQty': '0.00010082', 'time': 1613250109253, 'isBuyerMaker': False, 'isBestMatch': True}
{'id': 7928198, 'price': '0.00005041', 'qty': '2.00000000', 'quoteQty': '0.00010082', 'time': 1613250109253, 'isBuyerMaker': False, 'isBestMatch': True}
{'id': 7928199, 'price': '0.00005041', 'qty': '2.00000000', 'quoteQty': '0.00010082', 'time': 1613250109253, 'isBuyerMaker': False, 'isBestMatch': True}
{'id': 7928200, 'price': '0.00005041', 'qty': '2.00000000', 'quoteQty': '0.00010082', 'time': 1613250109253, 'isBuyerMaker': False, 'isBestMatch': True}
{'id': 7928201, 'price': '0.00005041', 'qty': '2.00000000', 'quoteQty': '0.00010082', 'time': 1613250109253, 'isBuyerMaker': False, 'isBestMatch': True}
{'id': 7928202, 'price': '0.00005041', 'qty': '2.00000000', 'quoteQty': '0.00010082', 'time': 1613250109253, 'isBuyerMaker': False, 'isBestMatch': True}
{'id': 7928203, 'price': '0.00005041', 'qty': '2.00000000', 'quoteQty': '0.00010082', 'time': 1613250109253, 'isBuyerMaker': False, 'isBestMatch': True}
{'id': 7928204, 'price': '0.00005011', 'qty': '39.00000000', 'quoteQty': '0.00195429', 'time': 1613250109255, 'isBuyerMaker': True, 'isBestMatch': True}
{'id': 7928205, 'price': '0.00005010', 'qty': '6.00000000', 'quoteQty': '0.00030060', 'time': 1613250109255, 'isBuyerMaker': True, 'isBestMatch': True}
{'id': 7928206, 'price': '0.00004994', 'qty': '57.00000000', 'quoteQty': '0.00284658', 'time': 1613250109255, 'isBuyerMaker': True, 'isBestMatch': True}
{'id': 7928207, 'price': '0.00005040', 'qty': '39.00000000', 'quoteQty': '0.00196560', 'time': 1613250109302, 'isBuyerMaker': False, 'isBestMatch': True}
{'id': 7928208, 'price': '0.00005041', 'qty': '2.00000000', 'quoteQty': '0.00010082', 'time': 1613250109302, 'isBuyerMaker': False, 'isBestMatch': True}
{'id': 7928209, 'price': '0.00005041', 'qty': '1.00000000', 'quoteQty': '0.00005041', 'time': 1613250109302, 'isBuyerMaker': False, 'isBestMatch': True}
{'id': 7928210, 'price': '0.00005042', 'qty': '11.00000000', 'quoteQty': '0.00055462', 'time': 1613250109302, 'isBuyerMaker': False, 'isBestMatch': True}
{'id': 7928211, 'price': '0.00005042', 'qty': '10.00000000', 'quoteQty': '0.00050420', 'time': 1613250109334, 'isBuyerMaker': False, 'isBestMatch': True}
{'id': 7928212, 'price': '0.00005042', 'qty': '2.00000000', 'quoteQty': '0.00010084', 'time': 1613250109337, 'isBuyerMaker': False, 'isBestMatch': True}
{'id': 7928213, 'price': '0.00004995', 'qty': '39.00000000', 'quoteQty': '0.00194805', 'time': 1613250109360, 'isBuyerMaker': True, 'isBestMatch': True}
{'id': 7928214, 'price': '0.00004994', 'qty': '59.00000000', 'quoteQty': '0.00294646', 'time': 1613250109360, 'isBuyerMaker': True, 'isBestMatch': True}
{'id': 7928215, 'price': '0.00005041', 'qty': '17.00000000', 'quoteQty': '0.00085697', 'time': 1613250109373, 'isBuyerMaker': False, 'isBestMatch': True}
{'id': 7928216, 'price': '0.00004995', 'qty': '15.00000000', 'quoteQty': '0.00074925', 'time': 1613250109376, 'isBuyerMaker': True, 'isBestMatch': True}
{'id': 7928217, 'price': '0.00004995', 'qty': '6.00000000', 'quoteQty': '0.00029970', 'time': 1613250109518, 'isBuyerMaker': True, 'isBestMatch': True}
{'id': 7928218, 'price': '0.00004995', 'qty': '18.00000000', 'quoteQty': '0.00089910', 'time': 1613250109626, 'isBuyerMaker': True, 'isBestMatch': True}
{'id': 7928219, 'price': '0.00004994', 'qty': '33.00000000', 'quoteQty': '0.00164802', 'time': 1613250109626, 'isBuyerMaker': True, 'isBestMatch': True}
{'id': 7928220, 'price': '0.00004994', 'qty': '3.00000000', 'quoteQty': '0.00014982', 'time': 1613250109629, 'isBuyerMaker': True, 'isBestMatch': True}
{'id': 7928221, 'price': '0.00004994', 'qty': '24.00000000', 'quoteQty': '0.00119856', 'time': 1613250109643, 'isBuyerMaker': True, 'isBestMatch': True}
{'id': 7928222, 'price': '0.00005000', 'qty': '36.00000000', 'quoteQty': '0.00180000', 'time': 1613250109651, 'isBuyerMaker': False, 'isBestMatch': True}
{'id': 7928223, 'price': '0.00005000', 'qty': '37.00000000', 'quoteQty': '0.00185000', 'time': 1613250109672, 'isBuyerMaker': False, 'isBestMatch': True}
{'id': 7928224, 'price': '0.00005041', 'qty': '22.00000000', 'quoteQty': '0.00110902', 'time': 1613250109672, 'isBuyerMaker': False, 'isBestMatch': True}
{'id': 7928225, 'price': '0.00005076', 'qty': '39.00000000', 'quoteQty': '0.00197964', 'time': 1613250109672, 'isBuyerMaker': False, 'isBestMatch': True}
{'id': 7928226, 'price': '0.00005075', 'qty': '39.00000000', 'quoteQty': '0.00197925', 'time': 1613250109773, 'isBuyerMaker': False, 'isBestMatch': True}
{'id': 7928227, 'price': '0.00005076', 'qty': '58.00000000', 'quoteQty': '0.00294408', 'time': 1613250109791, 'isBuyerMaker': False, 'isBestMatch': True}
{'id': 7928228, 'price': '0.00005082', 'qty': '9.00000000', 'quoteQty': '0.00045738', 'time': 1613250109886, 'isBuyerMaker': False, 'isBestMatch': True}
{'id': 7928229, 'price': '0.00005039', 'qty': '10.00000000', 'quoteQty': '0.00050390', 'time': 1613250109901, 'isBuyerMaker': True, 'isBestMatch': True}
{'id': 7928230, 'price': '0.00005039', 'qty': '29.00000000', 'quoteQty': '0.00146131', 'time': 1613250109961, 'isBuyerMaker': True, 'isBestMatch': True}
{'id': 7928231, 'price': '0.00005038', 'qty': '70.00000000', 'quoteQty': '0.00352660', 'time': 1613250109961, 'isBuyerMaker': True, 'isBestMatch': True}
{'id': 7928232, 'price': '0.00005003', 'qty': '2.00000000', 'quoteQty': '0.00010006', 'time': 1613250109961, 'isBuyerMaker': True, 'isBestMatch': True}
{'id': 7928233, 'price': '0.00004994', 'qty': '900.00000000', 'quoteQty': '0.04494600', 'time': 1613250109961, 'isBuyerMaker': True, 'isBestMatch': True}
{'id': 7928234, 'price': '0.00004995', 'qty': '25.00000000', 'quoteQty': '0.00124875', 'time': 1613250109972, 'isBuyerMaker': True, 'isBestMatch': True}
{'id': 7928235, 'price': '0.00005080', 'qty': '6.00000000', 'quoteQty': '0.00030480', 'time': 1613250109973, 'isBuyerMaker': False, 'isBestMatch': True}
{'id': 7928236, 'price': '0.00005040', 'qty': '124.00000000', 'quoteQty': '0.00624960', 'time': 1613250110016, 'isBuyerMaker': True, 'isBestMatch': True}
{'id': 7928237, 'price': '0.00004999', 'qty': '75.00000000', 'quoteQty': '0.00374925', 'time': 1613250110023, 'isBuyerMaker': True, 'isBestMatch': True}
{'id': 7928238, 'price': '0.00005001', 'qty': '14.00000000', 'quoteQty': '0.00070014', 'time': 1613250110090, 'isBuyerMaker': True, 'isBestMatch': True}
{'id': 7928239, 'price': '0.00005037', 'qty': '10.00000000', 'quoteQty': '0.00050370', 'time': 1613250110111, 'isBuyerMaker': False, 'isBestMatch': True}
{'id': 7928240, 'price': '0.00005038', 'qty': '10.00000000', 'quoteQty': '0.00050380', 'time': 1613250110111, 'isBuyerMaker': False, 'isBestMatch': True}
{'id': 7928241, 'price': '0.00005080', 'qty': '8.00000000', 'quoteQty': '0.00040640', 'time': 1613250110122, 'isBuyerMaker': False, 'isBestMatch': True}
{'id': 7928242, 'price': '0.00005002', 'qty': '39.00000000', 'quoteQty': '0.00195078', 'time': 1613250110214, 'isBuyerMaker': True, 'isBestMatch': True}
{'id': 7928243, 'price': '0.00005002', 'qty': '3.00000000', 'quoteQty': '0.00015006', 'time': 1613250110214, 'isBuyerMaker': True, 'isBestMatch': True}
{'id': 7928244, 'price': '0.00005047', 'qty': '16.00000000', 'quoteQty': '0.00080752', 'time': 1613250110215, 'isBuyerMaker': False, 'isBestMatch': True}
{'id': 7928245, 'price': '0.00005047', 'qty': '35.00000000', 'quoteQty': '0.00176645', 'time': 1613250110278, 'isBuyerMaker': False, 'isBestMatch': True}
{'id': 7928246, 'price': '0.00005047', 'qty': '3.00000000', 'quoteQty': '0.00015141', 'time': 1613250110309, 'isBuyerMaker': False, 'isBestMatch': True}
{'id': 7928247, 'price': '0.00005048', 'qty': '6.00000000', 'quoteQty': '0.00030288', 'time': 1613250110309, 'isBuyerMaker': False, 'isBestMatch': True}
{'id': 7928248, 'price': '0.00005048', 'qty': '7.00000000', 'quoteQty': '0.00035336', 'time': 1613250110379, 'isBuyerMaker': False, 'isBestMatch': True}
{'id': 7928249, 'price': '0.00005015', 'qty': '4.00000000', 'quoteQty': '0.00020060', 'time': 1613250110512, 'isBuyerMaker': True, 'isBestMatch': True}
{'id': 7928250, 'price': '0.00005015', 'qty': '1.00000000', 'quoteQty': '0.00005015', 'time': 1613250110512, 'isBuyerMaker': True, 'isBestMatch': True}
{'id': 7928251, 'price': '0.00005047', 'qty': '10.00000000', 'quoteQty': '0.00050470', 'time': 1613250110528, 'isBuyerMaker': False, 'isBestMatch': True}
{'id': 7928252, 'price': '0.00005016', 'qty': '33.00000000', 'quoteQty': '0.00165528', 'time': 1613250110531, 'isBuyerMaker': True, 'isBestMatch': True}
{'id': 7928253, 'price': '0.00005016', 'qty': '6.00000000', 'quoteQty': '0.00030096', 'time': 1613250110550, 'isBuyerMaker': True, 'isBestMatch': True}
{'id': 7928254, 'price': '0.00005015', 'qty': '1.00000000', 'quoteQty': '0.00005015', 'time': 1613250110550, 'isBuyerMaker': True, 'isBestMatch': True}
{'id': 7928255, 'price': '0.00005047', 'qty': '17.00000000', 'quoteQty': '0.00085799', 'time': 1613250110574, 'isBuyerMaker': False, 'isBestMatch': True}
{'id': 7928256, 'price': '0.00005047', 'qty': '12.00000000', 'quoteQty': '0.00060564', 'time': 1613250110636, 'isBuyerMaker': False, 'isBestMatch': True}
{'id': 7928257, 'price': '0.00005048', 'qty': '12.00000000', 'quoteQty': '0.00060576', 'time': 1613250110636, 'isBuyerMaker': False, 'isBestMatch': True}
{'id': 7928258, 'price': '0.00005016', 'qty': '22.00000000', 'quoteQty': '0.00110352', 'time': 1613250110754, 'isBuyerMaker': True, 'isBestMatch': True}
{'id': 7928259, 'price': '0.00005047', 'qty': '61.00000000', 'quoteQty': '0.00307867', 'time': 1613250110781, 'isBuyerMaker': False, 'isBestMatch': True}
{'id': 7928260, 'price': '0.00005047', 'qty': '3.00000000', 'quoteQty': '0.00015141', 'time': 1613250110781, 'isBuyerMaker': False, 'isBestMatch': True}
{'id': 7928261, 'price': '0.00005048', 'qty': '1.00000000', 'quoteQty': '0.00005048', 'time': 1613250110781, 'isBuyerMaker': False, 'isBestMatch': True}
{'id': 7928262, 'price': '0.00005048', 'qty': '123.00000000', 'quoteQty': '0.00620904', 'time': 1613250110781, 'isBuyerMaker': False, 'isBestMatch': True}
{'id': 7928263, 'price': '0.00005048', 'qty': '7.00000000', 'quoteQty': '0.00035336', 'time': 1613250110781, 'isBuyerMaker': False, 'isBestMatch': True}
{'id': 7928264, 'price': '0.00005016', 'qty': '17.00000000', 'quoteQty': '0.00085272', 'time': 1613250110793, 'isBuyerMaker': True, 'isBestMatch': True}
{'id': 7928265, 'price': '0.00005015', 'qty': '2.00000000', 'quoteQty': '0.00010030', 'time': 1613250110824, 'isBuyerMaker': True, 'isBestMatch': True}
{'id': 7928266, 'price': '0.00005015', 'qty': '4.00000000', 'quoteQty': '0.00020060', 'time': 1613250110824, 'isBuyerMaker': True, 'isBestMatch': True}
{'id': 7928267, 'price': '0.00005015', 'qty': '4.00000000', 'quoteQty': '0.00020060', 'time': 1613250110824, 'isBuyerMaker': True, 'isBestMatch': True}
{'id': 7928268, 'price': '0.00005015', 'qty': '4.00000000', 'quoteQty': '0.00020060', 'time': 1613250110824, 'isBuyerMaker': True, 'isBestMatch': True}
{'id': 7928269, 'price': '0.00005015', 'qty': '4.00000000', 'quoteQty': '0.00020060', 'time': 1613250110824, 'isBuyerMaker': True, 'isBestMatch': True}
{'id': 7928270, 'price': '0.00005015', 'qty': '4.00000000', 'quoteQty': '0.00020060', 'time': 1613250110824, 'isBuyerMaker': True, 'isBestMatch': True}
{'id': 7928271, 'price': '0.00005015', 'qty': '4.00000000', 'quoteQty': '0.00020060', 'time': 1613250110824, 'isBuyerMaker': True, 'isBestMatch': True}
{'id': 7928272, 'price': '0.00005015', 'qty': '4.00000000', 'quoteQty': '0.00020060', 'time': 1613250110824, 'isBuyerMaker': True, 'isBestMatch': True}
{'id': 7928273, 'price': '0.00005015', 'qty': '2.00000000', 'quoteQty': '0.00010030', 'time': 1613250110824, 'isBuyerMaker': True, 'isBestMatch': True}
{'id': 7928274, 'price': '0.00005002', 'qty': '1.00000000', 'quoteQty': '0.00005002', 'time': 1613250110824, 'isBuyerMaker': True, 'isBestMatch': True}
{'id': 7928275, 'price': '0.00005043', 'qty': '17.00000000', 'quoteQty': '0.00085731', 'time': 1613250110905, 'isBuyerMaker': False, 'isBestMatch': True}
{'id': 7928276, 'price': '0.00005044', 'qty': '2.00000000', 'quoteQty': '0.00010088', 'time': 1613250110905, 'isBuyerMaker': False, 'isBestMatch': True}
{'id': 7928277, 'price': '0.00005044', 'qty': '2.00000000', 'quoteQty': '0.00010088', 'time': 1613250110905, 'isBuyerMaker': False, 'isBestMatch': True}
{'id': 7928278, 'price': '0.00005044', 'qty': '2.00000000', 'quoteQty': '0.00010088', 'time': 1613250110905, 'isBuyerMaker': False, 'isBestMatch': True}
{'id': 7928279, 'price': '0.00005044', 'qty': '2.00000000', 'quoteQty': '0.00010088', 'time': 1613250110905, 'isBuyerMaker': False, 'isBestMatch': True}
{'id': 7928280, 'price': '0.00005044', 'qty': '2.00000000', 'quoteQty': '0.00010088', 'time': 1613250110905, 'isBuyerMaker': False, 'isBestMatch': True}
{'id': 7928281, 'price': '0.00005044', 'qty': '2.00000000', 'quoteQty': '0.00010088', 'time': 1613250110905, 'isBuyerMaker': False, 'isBestMatch': True}
{'id': 7928282, 'price': '0.00005044', 'qty': '2.00000000', 'quoteQty': '0.00010088', 'time': 1613250110905, 'isBuyerMaker': False, 'isBestMatch': True}
{'id': 7928283, 'price': '0.00005044', 'qty': '2.00000000', 'quoteQty': '0.00010088', 'time': 1613250110905, 'isBuyerMaker': False, 'isBestMatch': True}
{'id': 7928284, 'price': '0.00005044', 'qty': '1.00000000', 'quoteQty': '0.00005044', 'time': 1613250110905, 'isBuyerMaker': False, 'isBestMatch': True}
{'id': 7928285, 'price': '0.00005048', 'qty': '11.00000000', 'quoteQty': '0.00055528', 'time': 1613250110905, 'isBuyerMaker': False, 'isBestMatch': True}
{'id': 7928286, 'price': '0.00005048', 'qty': '33.00000000', 'quoteQty': '0.00166584', 'time': 1613250110910, 'isBuyerMaker': False, 'isBestMatch': True}
{'id': 7928287, 'price': '0.00005053', 'qty': '1.00000000', 'quoteQty': '0.00005053', 'time': 1613250110910, 'isBuyerMaker': False, 'isBestMatch': True}
{'id': 7928288, 'price': '0.00005053', 'qty': '1.00000000', 'quoteQty': '0.00005053', 'time': 1613250110959, 'isBuyerMaker': False, 'isBestMatch': True}
{'id': 7928289, 'price': '0.00005056', 'qty': '19.00000000', 'quoteQty': '0.00096064', 'time': 1613250110959, 'isBuyerMaker': False, 'isBestMatch': True}
{'id': 7928290, 'price': '0.00005080', 'qty': '540.00000000', 'quoteQty': '0.02743200', 'time': 1613250110959, 'isBuyerMaker': False, 'isBestMatch': True}
{'id': 7928291, 'price': '0.00005080', 'qty': '20.00000000', 'quoteQty': '0.00101600', 'time': 1613250110977, 'isBuyerMaker': False, 'isBestMatch': True}
{'id': 7928292, 'price': '0.00005080', 'qty': '11.00000000', 'quoteQty': '0.00055880', 'time': 1613250110994, 'isBuyerMaker': False, 'isBestMatch': True}
{'id': 7928293, 'price': '0.00005080', 'qty': '7.00000000', 'quoteQty': '0.00035560', 'time': 1613250111004, 'isBuyerMaker': False, 'isBestMatch': True}
{'id': 7928294, 'price': '0.00005080', 'qty': '7.00000000', 'quoteQty': '0.00035560', 'time': 1613250111023, 'isBuyerMaker': False, 'isBestMatch': True}
{'id': 7928295, 'price': '0.00005056', 'qty': '14.00000000', 'quoteQty': '0.00070784', 'time': 1613250111041, 'isBuyerMaker': False, 'isBestMatch': True}
{'id': 7928296, 'price': '0.00005056', 'qty': '14.00000000', 'quoteQty': '0.00070784', 'time': 1613250111041, 'isBuyerMaker': False, 'isBestMatch': True}
{'id': 7928297, 'price': '0.00005056', 'qty': '14.00000000', 'quoteQty': '0.00070784', 'time': 1613250111041, 'isBuyerMaker': False, 'isBestMatch': True}
{'id': 7928298, 'price': '0.00005056', 'qty': '14.00000000', 'quoteQty': '0.00070784', 'time': 1613250111041, 'isBuyerMaker': False, 'isBestMatch': True}
{'id': 7928299, 'price': '0.00005056', 'qty': '14.00000000', 'quoteQty': '0.00070784', 'time': 1613250111041, 'isBuyerMaker': False, 'isBestMatch': True}
{'id': 7928300, 'price': '0.00005056', 'qty': '14.00000000', 'quoteQty': '0.00070784', 'time': 1613250111041, 'isBuyerMaker': False, 'isBestMatch': True}
{'id': 7928301, 'price': '0.00005056', 'qty': '14.00000000', 'quoteQty': '0.00070784', 'time': 1613250111041, 'isBuyerMaker': False, 'isBestMatch': True}
{'id': 7928302, 'price': '0.00005056', 'qty': '14.00000000', 'quoteQty': '0.00070784', 'time': 1613250111041, 'isBuyerMaker': False, 'isBestMatch': True}
{'id': 7928303, 'price': '0.00005056', 'qty': '14.00000000', 'quoteQty': '0.00070784', 'time': 1613250111041, 'isBuyerMaker': False, 'isBestMatch': True}
{'id': 7928304, 'price': '0.00005056', 'qty': '13.00000000', 'quoteQty': '0.00065728', 'time': 1613250111041, 'isBuyerMaker': False, 'isBestMatch': True}
{'id': 7928305, 'price': '0.00005080', 'qty': '1.00000000', 'quoteQty': '0.00005080', 'time': 1613250111041, 'isBuyerMaker': False, 'isBestMatch': True}
{'id': 7928306, 'price': '0.00005080', 'qty': '286.00000000', 'quoteQty': '0.01452880', 'time': 1613250111049, 'isBuyerMaker': False, 'isBestMatch': True}
{'id': 7928307, 'price': '0.00005055', 'qty': '2.00000000', 'quoteQty': '0.00010110', 'time': 1613250111083, 'isBuyerMaker': False, 'isBestMatch': True}
{'id': 7928308, 'price': '0.00005080', 'qty': '53.00000000', 'quoteQty': '0.00269240', 'time': 1613250111083, 'isBuyerMaker': False, 'isBestMatch': True}
{'id': 7928309, 'price': '0.00005042', 'qty': '4.00000000', 'quoteQty': '0.00020168', 'time': 1613250111112, 'isBuyerMaker': True, 'isBestMatch': True}
{'id': 7928310, 'price': '0.00005042', 'qty': '3.00000000', 'quoteQty': '0.00015126', 'time': 1613250111223, 'isBuyerMaker': True, 'isBestMatch': True}
{'id': 7928311, 'price': '0.00005079', 'qty': '4.00000000', 'quoteQty': '0.00020316', 'time': 1613250111294, 'isBuyerMaker': False, 'isBestMatch': True}
{'id': 7928312, 'price': '0.00005080', 'qty': '5.00000000', 'quoteQty': '0.00025400', 'time': 1613250111294, 'isBuyerMaker': False, 'isBestMatch': True}
{'id': 7928313, 'price': '0.00005044', 'qty': '39.00000000', 'quoteQty': '0.00196716', 'time': 1613250111361, 'isBuyerMaker': True, 'isBestMatch': True}
{'id': 7928314, 'price': '0.00005043', 'qty': '44.00000000', 'quoteQty': '0.00221892', 'time': 1613250111361, 'isBuyerMaker': True, 'isBestMatch': True}
{'id': 7928315, 'price': '0.00005043', 'qty': '39.00000000', 'quoteQty': '0.00196677', 'time': 1613250111372, 'isBuyerMaker': True, 'isBestMatch': True}
{'id': 7928316, 'price': '0.00005044', 'qty': '13.00000000', 'quoteQty': '0.00065572', 'time': 1613250111376, 'isBuyerMaker': True, 'isBestMatch': True}
{'id': 7928317, 'price': '0.00005044', 'qty': '26.00000000', 'quoteQty': '0.00131144', 'time': 1613250111391, 'isBuyerMaker': True, 'isBestMatch': True}
{'id': 7928318, 'price': '0.00005043', 'qty': '14.00000000', 'quoteQty': '0.00070602', 'time': 1613250111391, 'isBuyerMaker': True, 'isBestMatch': True}
{'id': 7928319, 'price': '0.00005076', 'qty': '3.00000000', 'quoteQty': '0.00015228', 'time': 1613250111423, 'isBuyerMaker': False, 'isBestMatch': True}
{'id': 7928320, 'price': '0.00005077', 'qty': '20.00000000', 'quoteQty': '0.00101540', 'time': 1613250111423, 'isBuyerMaker': False, 'isBestMatch': True}
{'id': 7928321, 'price': '0.00005079', 'qty': '44.00000000', 'quoteQty': '0.00223476', 'time': 1613250111423, 'isBuyerMaker': False, 'isBestMatch': True}
{'id': 7928322, 'price': '0.00005079', 'qty': '39.00000000', 'quoteQty': '0.00198081', 'time': 1613250111423, 'isBuyerMaker': False, 'isBestMatch': True}
{'id': 7928323, 'price': '0.00005079', 'qty': '14.00000000', 'quoteQty': '0.00071106', 'time': 1613250111423, 'isBuyerMaker': False, 'isBestMatch': True}
{'id': 7928324, 'price': '0.00005080', 'qty': '19.00000000', 'quoteQty': '0.00096520', 'time': 1613250111423, 'isBuyerMaker': False, 'isBestMatch': True}
{'id': 7928325, 'price': '0.00005080', 'qty': '185.00000000', 'quoteQty': '0.00939800', 'time': 1613250111423, 'isBuyerMaker': False, 'isBestMatch': True}
{'id': 7928326, 'price': '0.00005083', 'qty': '267.00000000', 'quoteQty': '0.01357161', 'time': 1613250111423, 'isBuyerMaker': False, 'isBestMatch': True}
{'id': 7928327, 'price': '0.00005042', 'qty': '10.00000000', 'quoteQty': '0.00050420', 'time': 1613250111451, 'isBuyerMaker': True, 'isBestMatch': True}
{'id': 7928328, 'price': '0.00005042', 'qty': '14.00000000', 'quoteQty': '0.00070588', 'time': 1613250111530, 'isBuyerMaker': True, 'isBestMatch': True}
{'id': 7928329, 'price': '0.00005082', 'qty': '36.00000000', 'quoteQty': '0.00182952', 'time': 1613250111563, 'isBuyerMaker': False, 'isBestMatch': True}
{'id': 7928330, 'price': '0.00005076', 'qty': '682.00000000', 'quoteQty': '0.03461832', 'time': 1613250111654, 'isBuyerMaker': True, 'isBestMatch': True}
{'id': 7928331, 'price': '0.00005076', 'qty': '682.00000000', 'quoteQty': '0.03461832', 'time': 1613250111655, 'isBuyerMaker': True, 'isBestMatch': True}
{'id': 7928332, 'price': '0.00005076', 'qty': '230.00000000', 'quoteQty': '0.01167480', 'time': 1613250111767, 'isBuyerMaker': True, 'isBestMatch': True}
{'id': 7928333, 'price': '0.00005082', 'qty': '19.00000000', 'quoteQty': '0.00096558', 'time': 1613250111772, 'isBuyerMaker': False, 'isBestMatch': True}
{'id': 7928334, 'price': '0.00005082', 'qty': '23.00000000', 'quoteQty': '0.00116886', 'time': 1613250111776, 'isBuyerMaker': False, 'isBestMatch': True}
{'id': 7928335, 'price': '0.00005083', 'qty': '33.00000000', 'quoteQty': '0.00167739', 'time': 1613250111776, 'isBuyerMaker': False, 'isBestMatch': True}
{'id': 7928336, 'price': '0.00005083', 'qty': '1959.00000000', 'quoteQty': '0.09957597', 'time': 1613250111793, 'isBuyerMaker': False, 'isBestMatch': True}
{'id': 7928337, 'price': '0.00005083', 'qty': '26.00000000', 'quoteQty': '0.00132158', 'time': 1613250111803, 'isBuyerMaker': False, 'isBestMatch': True}
{'id': 7928338, 'price': '0.00005076', 'qty': '312.00000000', 'quoteQty': '0.01583712', 'time': 1613250112076, 'isBuyerMaker': True, 'isBestMatch': True}
{'id': 7928339, 'price': '0.00005082', 'qty': '32.00000000', 'quoteQty': '0.00162624', 'time': 1613250112144, 'isBuyerMaker': False, 'isBestMatch': True}
{'id': 7928340, 'price': '0.00005076', 'qty': '336.00000000', 'quoteQty': '0.01705536', 'time': 1613250112144, 'isBuyerMaker': True, 'isBestMatch': True}
{'id': 7928341, 'price': '0.00005082', 'qty': '37.00000000', 'quoteQty': '0.00188034', 'time': 1613250112166, 'isBuyerMaker': False, 'isBestMatch': True}
{'id': 7928342, 'price': '0.00005076', 'qty': '28.00000000', 'quoteQty': '0.00142128', 'time': 1613250112301, 'isBuyerMaker': True, 'isBestMatch': True}
{'id': 7928343, 'price': '0.00005076', 'qty': '4.00000000', 'quoteQty': '0.00020304', 'time': 1613250112304, 'isBuyerMaker': True, 'isBestMatch': True}
{'id': 7928344, 'price': '0.00005082', 'qty': '5.00000000', 'quoteQty': '0.00025410', 'time': 1613250112346, 'isBuyerMaker': False, 'isBestMatch': True}
{'id': 7928345, 'price': '0.00005082', 'qty': '29.00000000', 'quoteQty': '0.00147378', 'time': 1613250112372, 'isBuyerMaker': False, 'isBestMatch': True}
{'id': 7928346, 'price': '0.00005082', 'qty': '66.00000000', 'quoteQty': '0.00335412', 'time': 1613250112427, 'isBuyerMaker': False, 'isBestMatch': True}
{'id': 7928347, 'price': '0.00005082', 'qty': '33.00000000', 'quoteQty': '0.00167706', 'time': 1613250112561, 'isBuyerMaker': False, 'isBestMatch': True}
{'id': 7928348, 'price': '0.00005082', 'qty': '30.00000000', 'quoteQty': '0.00152460', 'time': 1613250112617, 'isBuyerMaker': False, 'isBestMatch': True}
{'id': 7928349, 'price': '0.00005083', 'qty': '95.00000000', 'quoteQty': '0.00482885', 'time': 1613250112617, 'isBuyerMaker': False, 'isBestMatch': True}
{'id': 7928350, 'price': '0.00005083', 'qty': '800.00000000', 'quoteQty': '0.04066400', 'time': 1613250112745, 'isBuyerMaker': False, 'isBestMatch': True}
{'id': 7928351, 'price': '0.00005083', 'qty': '161.00000000', 'quoteQty': '0.00818363', 'time': 1613250112753, 'isBuyerMaker': False, 'isBestMatch': True}
{'id': 7928352, 'price': '0.00005083', 'qty': '610.00000000', 'quoteQty': '0.03100630', 'time': 1613250112762, 'isBuyerMaker': False, 'isBestMatch': True}
{'id': 7928353, 'price': '0.00005083', 'qty': '84.00000000', 'quoteQty': '0.00426972', 'time': 1613250112777, 'isBuyerMaker': False, 'isBestMatch': True}
{'id': 7928354, 'price': '0.00005085', 'qty': '4.00000000', 'quoteQty': '0.00020340', 'time': 1613250112777, 'isBuyerMaker': False, 'isBestMatch': True}
{'id': 7928355, 'price': '0.00005085', 'qty': '7.00000000', 'quoteQty': '0.00035595', 'time': 1613250112777, 'isBuyerMaker': False, 'isBestMatch': True}
{'id': 7928356, 'price': '0.00005085', 'qty': '7.00000000', 'quoteQty': '0.00035595', 'time': 1613250112777, 'isBuyerMaker': False, 'isBestMatch': True}
{'id': 7928357, 'price': '0.00005085', 'qty': '4.00000000', 'quoteQty': '0.00020340', 'time': 1613250112777, 'isBuyerMaker': False, 'isBestMatch': True}
{'id': 7928358, 'price': '0.00005085', 'qty': '3.00000000', 'quoteQty': '0.00015255', 'time': 1613250112797, 'isBuyerMaker': False, 'isBestMatch': True}
{'id': 7928359, 'price': '0.00005085', 'qty': '6.00000000', 'quoteQty': '0.00030510', 'time': 1613250112805, 'isBuyerMaker': False, 'isBestMatch': True}
{'id': 7928360, 'price': '0.00005101', 'qty': '31.00000000', 'quoteQty': '0.00158131', 'time': 1613250112805, 'isBuyerMaker': False, 'isBestMatch': True}
{'id': 7928361, 'price': '0.00005076', 'qty': '9.00000000', 'quoteQty': '0.00045684', 'time': 1613250112818, 'isBuyerMaker': True, 'isBestMatch': True}
{'id': 7928362, 'price': '0.00005076', 'qty': '7.00000000', 'quoteQty': '0.00035532', 'time': 1613250112888, 'isBuyerMaker': True, 'isBestMatch': True}
{'id': 7928363, 'price': '0.00005077', 'qty': '16.00000000', 'quoteQty': '0.00081232', 'time': 1613250112933, 'isBuyerMaker': True, 'isBestMatch': True}
{'id': 7928364, 'price': '0.00005101', 'qty': '13.00000000', 'quoteQty': '0.00066313', 'time': 1613250112968, 'isBuyerMaker': False, 'isBestMatch': True}
{'id': 7928365, 'price': '0.00005101', 'qty': '38.00000000', 'quoteQty': '0.00193838', 'time': 1613250112968, 'isBuyerMaker': False, 'isBestMatch': True}
{'id': 7928366, 'price': '0.00005077', 'qty': '12.00000000', 'quoteQty': '0.00060924', 'time': 1613250113017, 'isBuyerMaker': True, 'isBestMatch': True}
{'id': 7928367, 'price': '0.00005101', 'qty': '19.00000000', 'quoteQty': '0.00096919', 'time': 1613250113165, 'isBuyerMaker': False, 'isBestMatch': True}
{'id': 7928368, 'price': '0.00005101', 'qty': '23.00000000', 'quoteQty': '0.00117323', 'time': 1613250113172, 'isBuyerMaker': False, 'isBestMatch': True}
{'id': 7928369, 'price': '0.00005106', 'qty': '2.00000000', 'quoteQty': '0.00010212', 'time': 1613250113172, 'isBuyerMaker': False, 'isBestMatch': True}
{'id': 7928370, 'price': '0.00005078', 'qty': '28.00000000', 'quoteQty': '0.00142184', 'time': 1613250113245, 'isBuyerMaker': True, 'isBestMatch': True}
{'id': 7928371, 'price': '0.00005106', 'qty': '4.00000000', 'quoteQty': '0.00020424', 'time': 1613250113317, 'isBuyerMaker': False, 'isBestMatch': True}
{'id': 7928372, 'price': '0.00005110', 'qty': '1.00000000', 'quoteQty': '0.00005110', 'time': 1613250113317, 'isBuyerMaker': False, 'isBestMatch': True}
{'id': 7928373, 'price': '0.00005078', 'qty': '11.00000000', 'quoteQty': '0.00055858', 'time': 1613250113329, 'isBuyerMaker': True, 'isBestMatch': True}
{'id': 7928374, 'price': '0.00005077', 'qty': '7.00000000', 'quoteQty': '0.00035539', 'time': 1613250113329, 'isBuyerMaker': True, 'isBestMatch': True}
{'id': 7928375, 'price': '0.00005079', 'qty': '39.00000000', 'quoteQty': '0.00198081', 'time': 1613250113359, 'isBuyerMaker': True, 'isBestMatch': True}
{'id': 7928376, 'price': '0.00005077', 'qty': '3.00000000', 'quoteQty': '0.00015231', 'time': 1613250113359, 'isBuyerMaker': True, 'isBestMatch': True}
{'id': 7928377, 'price': '0.00005109', 'qty': '28.00000000', 'quoteQty': '0.00143052', 'time': 1613250113366, 'isBuyerMaker': False, 'isBestMatch': True}
{'id': 7928378, 'price': '0.00005110', 'qty': '71.00000000', 'quoteQty': '0.00362810', 'time': 1613250113366, 'isBuyerMaker': False, 'isBestMatch': True}
{'id': 7928379, 'price': '0.00005109', 'qty': '50.00000000', 'quoteQty': '0.00255450', 'time': 1613250113449, 'isBuyerMaker': False, 'isBestMatch': True}
{'id': 7928380, 'price': '0.00005110', 'qty': '15.00000000', 'quoteQty': '0.00076650', 'time': 1613250113449, 'isBuyerMaker': False, 'isBestMatch': True}
{'id': 7928381, 'price': '0.00005110', 'qty': '10.00000000', 'quoteQty': '0.00051100', 'time': 1613250113449, 'isBuyerMaker': False, 'isBestMatch': True}
{'id': 7928382, 'price': '0.00005111', 'qty': '14.00000000', 'quoteQty': '0.00071554', 'time': 1613250113449, 'isBuyerMaker': False, 'isBestMatch': True}
{'id': 7928383, 'price': '0.00005117', 'qty': '89.00000000', 'quoteQty': '0.00455413', 'time': 1613250113449, 'isBuyerMaker': False, 'isBestMatch': True}
{'id': 7928384, 'price': '0.00005117', 'qty': '10.00000000', 'quoteQty': '0.00051170', 'time': 1613250113503, 'isBuyerMaker': False, 'isBestMatch': True}
{'id': 7928385, 'price': '0.00005080', 'qty': '11.00000000', 'quoteQty': '0.00055880', 'time': 1613250113548, 'isBuyerMaker': True, 'isBestMatch': True}
{'id': 7928386, 'price': '0.00005080', 'qty': '28.00000000', 'quoteQty': '0.00142240', 'time': 1613250113592, 'isBuyerMaker': True, 'isBestMatch': True}
{'id': 7928387, 'price': '0.00005080', 'qty': '29.00000000', 'quoteQty': '0.00147320', 'time': 1613250113592, 'isBuyerMaker': True, 'isBestMatch': True}
{'id': 7928388, 'price': '0.00005081', 'qty': '39.00000000', 'quoteQty': '0.00198159', 'time': 1613250113731, 'isBuyerMaker': True, 'isBestMatch': True}
{'id': 7928389, 'price': '0.00005080', 'qty': '92.00000000', 'quoteQty': '0.00467360', 'time': 1613250113731, 'isBuyerMaker': True, 'isBestMatch': True}
{'id': 7928390, 'price': '0.00005075', 'qty': '15.00000000', 'quoteQty': '0.00076125', 'time': 1613250113731, 'isBuyerMaker': True, 'isBestMatch': True}
{'id': 7928391, 'price': '0.00005061', 'qty': '35.00000000', 'quoteQty': '0.00177135', 'time': 1613250113731, 'isBuyerMaker': True, 'isBestMatch': True}
{'id': 7928392, 'price': '0.00005061', 'qty': '5.00000000', 'quoteQty': '0.00025305', 'time': 1613250113738, 'isBuyerMaker': True, 'isBestMatch': True}
{'id': 7928393, 'price': '0.00005110', 'qty': '11.00000000', 'quoteQty': '0.00056210', 'time': 1613250113751, 'isBuyerMaker': False, 'isBestMatch': True}
{'id': 7928394, 'price': '0.00005110', 'qty': '7.00000000', 'quoteQty': '0.00035770', 'time': 1613250113751, 'isBuyerMaker': False, 'isBestMatch': True}
{'id': 7928395, 'price': '0.00005110', 'qty': '12.00000000', 'quoteQty': '0.00061320', 'time': 1613250113751, 'isBuyerMaker': False, 'isBestMatch': True}
{'id': 7928396, 'price': '0.00005110', 'qty': '3.00000000', 'quoteQty': '0.00015330', 'time': 1613250113751, 'isBuyerMaker': False, 'isBestMatch': True}
{'id': 7928397, 'price': '0.00005110', 'qty': '16.00000000', 'quoteQty': '0.00081760', 'time': 1613250113751, 'isBuyerMaker': False, 'isBestMatch': True}
{'id': 7928398, 'price': '0.00005117', 'qty': '44.00000000', 'quoteQty': '0.00225148', 'time': 1613250113751, 'isBuyerMaker': False, 'isBestMatch': True}
{'id': 7928399, 'price': '0.00005117', 'qty': '6.00000000', 'quoteQty': '0.00030702', 'time': 1613250113752, 'isBuyerMaker': False, 'isBestMatch': True}
{'id': 7928400, 'price': '0.00005117', 'qty': '2.00000000', 'quoteQty': '0.00010234', 'time': 1613250113788, 'isBuyerMaker': False, 'isBestMatch': True}
{'id': 7928401, 'price': '0.00005117', 'qty': '84.00000000', 'quoteQty': '0.00429828', 'time': 1613250113788, 'isBuyerMaker': False, 'isBestMatch': True}
{'id': 7928402, 'price': '0.00005062', 'qty': '39.00000000', 'quoteQty': '0.00197418', 'time': 1613250113812, 'isBuyerMaker': True, 'isBestMatch': True}
{'id': 7928403, 'price': '0.00005061', 'qty': '71.00000000', 'quoteQty': '0.00359331', 'time': 1613250113812, 'isBuyerMaker': True, 'isBestMatch': True}
{'id': 7928404, 'price': '0.00005116', 'qty': '62.00000000', 'quoteQty': '0.00317192', 'time': 1613250113813, 'isBuyerMaker': False, 'isBestMatch': True}
{'id': 7928405, 'price': '0.00005061', 'qty': '11.00000000', 'quoteQty': '0.00055671', 'time': 1613250113848, 'isBuyerMaker': True, 'isBestMatch': True}
{'id': 7928406, 'price': '0.00005041', 'qty': '14.00000000', 'quoteQty': '0.00070574', 'time': 1613250113848, 'isBuyerMaker': True, 'isBestMatch': True}
{'id': 7928407, 'price': '0.00005062', 'qty': '18.00000000', 'quoteQty': '0.00091116', 'time': 1613250113865, 'isBuyerMaker': True, 'isBestMatch': True}
{'id': 7928408, 'price': '0.00005062', 'qty': '4.00000000', 'quoteQty': '0.00020248', 'time': 1613250113944, 'isBuyerMaker': True, 'isBestMatch': True}
{'id': 7928409, 'price': '0.00005110', 'qty': '1.00000000', 'quoteQty': '0.00005110', 'time': 1613250114005, 'isBuyerMaker': False, 'isBestMatch': True}
{'id': 7928410, 'price': '0.00005110', 'qty': '4.00000000', 'quoteQty': '0.00020440', 'time': 1613250114034, 'isBuyerMaker': False, 'isBestMatch': True}
{'id': 7928411, 'price': '0.00005117', 'qty': '53.00000000', 'quoteQty': '0.00271201', 'time': 1613250114034, 'isBuyerMaker': False, 'isBestMatch': True}
{'id': 7928412, 'price': '0.00005115', 'qty': '3.00000000', 'quoteQty': '0.00015345', 'time': 1613250114091, 'isBuyerMaker': False, 'isBestMatch': True}
{'id': 7928413, 'price': '0.00005117', 'qty': '14.00000000', 'quoteQty': '0.00071638', 'time': 1613250114091, 'isBuyerMaker': False, 'isBestMatch': True}
{'id': 7928414, 'price': '0.00005117', 'qty': '151.00000000', 'quoteQty': '0.00772667', 'time': 1613250114091, 'isBuyerMaker': False, 'isBestMatch': True}
{'id': 7928415, 'price': '0.00005117', 'qty': '151.00000000', 'quoteQty': '0.00772667', 'time': 1613250114091, 'isBuyerMaker': False, 'isBestMatch': True}
{'id': 7928416, 'price': '0.00005117', 'qty': '151.00000000', 'quoteQty': '0.00772667', 'time': 1613250114091, 'isBuyerMaker': False, 'isBestMatch': True}
{'id': 7928417, 'price': '0.00005117', 'qty': '151.00000000', 'quoteQty': '0.00772667', 'time': 1613250114091, 'isBuyerMaker': False, 'isBestMatch': True}
{'id': 7928418, 'price': '0.00005117', 'qty': '151.00000000', 'quoteQty': '0.00772667', 'time': 1613250114091, 'isBuyerMaker': False, 'isBestMatch': True}
{'id': 7928419, 'price': '0.00005117', 'qty': '151.00000000', 'quoteQty': '0.00772667', 'time': 1613250114091, 'isBuyerMaker': False, 'isBestMatch': True}
{'id': 7928420, 'price': '0.00005117', 'qty': '115.00000000', 'quoteQty': '0.00588455', 'time': 1613250114091, 'isBuyerMaker': False, 'isBestMatch': True}
{'id': 7928421, 'price': '0.00005074', 'qty': '121.00000000', 'quoteQty': '0.00613954', 'time': 1613250114118, 'isBuyerMaker': True, 'isBestMatch': True}
{'id': 7928422, 'price': '0.00005063', 'qty': '101.00000000', 'quoteQty': '0.00511363', 'time': 1613250114118, 'isBuyerMaker': True, 'isBestMatch': True}
{'id': 7928423, 'price': '0.00005075', 'qty': '7.00000000', 'quoteQty': '0.00035525', 'time': 1613250114154, 'isBuyerMaker': True, 'isBestMatch': True}
{'id': 7928424, 'price': '0.00005114', 'qty': '8.00000000', 'quoteQty': '0.00040912', 'time': 1613250114162, 'isBuyerMaker': False, 'isBestMatch': True}
{'id': 7928425, 'price': '0.00005084', 'qty': '7.00000000', 'quoteQty': '0.00035588', 'time': 1613250114402, 'isBuyerMaker': True, 'isBestMatch': True}
{'id': 7928426, 'price': '0.00005084', 'qty': '1.00000000', 'quoteQty': '0.00005084', 'time': 1613250114402, 'isBuyerMaker': True, 'isBestMatch': True}
{'id': 7928427, 'price': '0.00005085', 'qty': '64.00000000', 'quoteQty': '0.00325440', 'time': 1613250114576, 'isBuyerMaker': True, 'isBestMatch': True}
{'id': 7928428, 'price': '0.00005085', 'qty': '27.00000000', 'quoteQty': '0.00137295', 'time': 1613250114591, 'isBuyerMaker': True, 'isBestMatch': True}
{'id': 7928429, 'price': '0.00005109', 'qty': '64.00000000', 'quoteQty': '0.00326976', 'time': 1613250114622, 'isBuyerMaker': False, 'isBestMatch': True}
{'id': 7928430, 'price': '0.00005109', 'qty': '27.00000000', 'quoteQty': '0.00137943', 'time': 1613250114622, 'isBuyerMaker': False, 'isBestMatch': True}
{'id': 7928431, 'price': '0.00005110', 'qty': '53.00000000', 'quoteQty': '0.00270830', 'time': 1613250114622, 'isBuyerMaker': False, 'isBestMatch': True}
{'id': 7928432, 'price': '0.00005111', 'qty': '223.00000000', 'quoteQty': '0.01139753', 'time': 1613250114622, 'isBuyerMaker': False, 'isBestMatch': True}
{'id': 7928433, 'price': '0.00005111', 'qty': '6.00000000', 'quoteQty': '0.00030666', 'time': 1613250114629, 'isBuyerMaker': False, 'isBestMatch': True}
{'id': 7928434, 'price': '0.00005100', 'qty': '4.00000000', 'quoteQty': '0.00020400', 'time': 1613250114716, 'isBuyerMaker': False, 'isBestMatch': True}
{'id': 7928435, 'price': '0.00005100', 'qty': '4.00000000', 'quoteQty': '0.00020400', 'time': 1613250114716, 'isBuyerMaker': False, 'isBestMatch': True}
{'id': 7928436, 'price': '0.00005100', 'qty': '4.00000000', 'quoteQty': '0.00020400', 'time': 1613250114716, 'isBuyerMaker': False, 'isBestMatch': True}
{'id': 7928437, 'price': '0.00005100', 'qty': '4.00000000', 'quoteQty': '0.00020400', 'time': 1613250114716, 'isBuyerMaker': False, 'isBestMatch': True}
{'id': 7928438, 'price': '0.00005100', 'qty': '4.00000000', 'quoteQty': '0.00020400', 'time': 1613250114716, 'isBuyerMaker': False, 'isBestMatch': True}
{'id': 7928439, 'price': '0.00005100', 'qty': '4.00000000', 'quoteQty': '0.00020400', 'time': 1613250114716, 'isBuyerMaker': False, 'isBestMatch': True}
{'id': 7928440, 'price': '0.00005100', 'qty': '4.00000000', 'quoteQty': '0.00020400', 'time': 1613250114716, 'isBuyerMaker': False, 'isBestMatch': True}
{'id': 7928441, 'price': '0.00005100', 'qty': '4.00000000', 'quoteQty': '0.00020400', 'time': 1613250114716, 'isBuyerMaker': False, 'isBestMatch': True}
{'id': 7928442, 'price': '0.00005100', 'qty': '4.00000000', 'quoteQty': '0.00020400', 'time': 1613250114716, 'isBuyerMaker': False, 'isBestMatch': True}
{'id': 7928443, 'price': '0.00005100', 'qty': '2.00000000', 'quoteQty': '0.00010200', 'time': 1613250114716, 'isBuyerMaker': False, 'isBestMatch': True}
{'id': 7928444, 'price': '0.00005111', 'qty': '55.00000000', 'quoteQty': '0.00281105', 'time': 1613250114716, 'isBuyerMaker': False, 'isBestMatch': True}
{'id': 7928445, 'price': '0.00005085', 'qty': '147.00000000', 'quoteQty': '0.00747495', 'time': 1613250114749, 'isBuyerMaker': True, 'isBestMatch': True}
{'id': 7928446, 'price': '0.00005084', 'qty': '12.00000000', 'quoteQty': '0.00061008', 'time': 1613250114749, 'isBuyerMaker': True, 'isBestMatch': True}
{'id': 7928447, 'price': '0.00005078', 'qty': '835.00000000', 'quoteQty': '0.04240130', 'time': 1613250114749, 'isBuyerMaker': True, 'isBestMatch': True}
{'id': 7928448, 'price': '0.00005077', 'qty': '39.00000000', 'quoteQty': '0.00198003', 'time': 1613250114749, 'isBuyerMaker': True, 'isBestMatch': True}
{'id': 7928449, 'price': '0.00005076', 'qty': '138.00000000', 'quoteQty': '0.00700488', 'time': 1613250114749, 'isBuyerMaker': True, 'isBestMatch': True}
{'id': 7928450, 'price': '0.00005060', 'qty': '2.00000000', 'quoteQty': '0.00010120', 'time': 1613250114749, 'isBuyerMaker': True, 'isBestMatch': True}
{'id': 7928451, 'price': '0.00005060', 'qty': '2.00000000', 'quoteQty': '0.00010120', 'time': 1613250114749, 'isBuyerMaker': True, 'isBestMatch': True}
{'id': 7928452, 'price': '0.00005060', 'qty': '2.00000000', 'quoteQty': '0.00010120', 'time': 1613250114749, 'isBuyerMaker': True, 'isBestMatch': True}
{'id': 7928453, 'price': '0.00005060', 'qty': '2.00000000', 'quoteQty': '0.00010120', 'time': 1613250114749, 'isBuyerMaker': True, 'isBestMatch': True}
{'id': 7928454, 'price': '0.00005060', 'qty': '2.00000000', 'quoteQty': '0.00010120', 'time': 1613250114749, 'isBuyerMaker': True, 'isBestMatch': True}
{'id': 7928455, 'price': '0.00005060', 'qty': '2.00000000', 'quoteQty': '0.00010120', 'time': 1613250114749, 'isBuyerMaker': True, 'isBestMatch': True}
{'id': 7928456, 'price': '0.00005060', 'qty': '2.00000000', 'quoteQty': '0.00010120', 'time': 1613250114749, 'isBuyerMaker': True, 'isBestMatch': True}
{'id': 7928457, 'price': '0.00005060', 'qty': '2.00000000', 'quoteQty': '0.00010120', 'time': 1613250114749, 'isBuyerMaker': True, 'isBestMatch': True}
{'id': 7928458, 'price': '0.00005048', 'qty': '75.00000000', 'quoteQty': '0.00378600', 'time': 1613250114749, 'isBuyerMaker': True, 'isBestMatch': True}
{'id': 7928459, 'price': '0.00005043', 'qty': '2.00000000', 'quoteQty': '0.00010086', 'time': 1613250114749, 'isBuyerMaker': True, 'isBestMatch': True}
{'id': 7928460, 'price': '0.00005042', 'qty': '100.00000000', 'quoteQty': '0.00504200', 'time': 1613250114749, 'isBuyerMaker': True, 'isBestMatch': True}
{'id': 7928461, 'price': '0.00005041', 'qty': '474.00000000', 'quoteQty': '0.02389434', 'time': 1613250114749, 'isBuyerMaker': True, 'isBestMatch': True}
{'id': 7928462, 'price': '0.00005039', 'qty': '746.00000000', 'quoteQty': '0.03759094', 'time': 1613250114749, 'isBuyerMaker': True, 'isBestMatch': True}
{'id': 7928463, 'price': '0.00005039', 'qty': '122.00000000', 'quoteQty': '0.00614758', 'time': 1613250114749, 'isBuyerMaker': True, 'isBestMatch': True}
{'id': 7928464, 'price': '0.00005038', 'qty': '189.00000000', 'quoteQty': '0.00952182', 'time': 1613250114749, 'isBuyerMaker': True, 'isBestMatch': True}
{'id': 7928465, 'price': '0.00005038', 'qty': '23.00000000', 'quoteQty': '0.00115874', 'time': 1613250114749, 'isBuyerMaker': True, 'isBestMatch': True}
{'id': 7928466, 'price': '0.00005038', 'qty': '10.00000000', 'quoteQty': '0.00050380', 'time': 1613250114749, 'isBuyerMaker': True, 'isBestMatch': True}
{'id': 7928467, 'price': '0.00005032', 'qty': '31.00000000', 'quoteQty': '0.00155992', 'time': 1613250114749, 'isBuyerMaker': True, 'isBestMatch': True}
{'id': 7928468, 'price': '0.00005031', 'qty': '39.00000000', 'quoteQty': '0.00196209', 'time': 1613250114749, 'isBuyerMaker': True, 'isBestMatch': True}
{'id': 7928469, 'price': '0.00005027', 'qty': '16.00000000', 'quoteQty': '0.00080432', 'time': 1613250114749, 'isBuyerMaker': True, 'isBestMatch': True}
{'id': 7928470, 'price': '0.00005022', 'qty': '62.00000000', 'quoteQty': '0.00311364', 'time': 1613250114749, 'isBuyerMaker': True, 'isBestMatch': True}
{'id': 7928471, 'price': '0.00005022', 'qty': '79.00000000', 'quoteQty': '0.00396738', 'time': 1613250114749, 'isBuyerMaker': True, 'isBestMatch': True}
{'id': 7928472, 'price': '0.00005022', 'qty': '62.00000000', 'quoteQty': '0.00311364', 'time': 1613250114749, 'isBuyerMaker': True, 'isBestMatch': True}
{'id': 7928473, 'price': '0.00005022', 'qty': '79.00000000', 'quoteQty': '0.00396738', 'time': 1613250114749, 'isBuyerMaker': True, 'isBestMatch': True}
{'id': 7928474, 'price': '0.00005022', 'qty': '62.00000000', 'quoteQty': '0.00311364', 'time': 1613250114749, 'isBuyerMaker': True, 'isBestMatch': True}
{'id': 7928475, 'price': '0.00005022', 'qty': '79.00000000', 'quoteQty': '0.00396738', 'time': 1613250114749, 'isBuyerMaker': True, 'isBestMatch': True}
{'id': 7928476, 'price': '0.00005022', 'qty': '62.00000000', 'quoteQty': '0.00311364', 'time': 1613250114749, 'isBuyerMaker': True, 'isBestMatch': True}
{'id': 7928477, 'price': '0.00005022', 'qty': '79.00000000', 'quoteQty': '0.00396738', 'time': 1613250114749, 'isBuyerMaker': True, 'isBestMatch': True}
{'id': 7928478, 'price': '0.00005022', 'qty': '62.00000000', 'quoteQty': '0.00311364', 'time': 1613250114749, 'isBuyerMaker': True, 'isBestMatch': True}
{'id': 7928479, 'price': '0.00005022', 'qty': '79.00000000', 'quoteQty': '0.00396738', 'time': 1613250114749, 'isBuyerMaker': True, 'isBestMatch': True}
{'id': 7928480, 'price': '0.00005022', 'qty': '62.00000000', 'quoteQty': '0.00311364', 'time': 1613250114749, 'isBuyerMaker': True, 'isBestMatch': True}
{'id': 7928481, 'price': '0.00005022', 'qty': '79.00000000', 'quoteQty': '0.00396738', 'time': 1613250114749, 'isBuyerMaker': True, 'isBestMatch': True}
{'id': 7928482, 'price': '0.00005022', 'qty': '62.00000000', 'quoteQty': '0.00311364', 'time': 1613250114749, 'isBuyerMaker': True, 'isBestMatch': True}
{'id': 7928483, 'price': '0.00005022', 'qty': '79.00000000', 'quoteQty': '0.00396738', 'time': 1613250114749, 'isBuyerMaker': True, 'isBestMatch': True}
{'id': 7928484, 'price': '0.00005022', 'qty': '62.00000000', 'quoteQty': '0.00311364', 'time': 1613250114749, 'isBuyerMaker': True, 'isBestMatch': True}
{'id': 7928485, 'price': '0.00005022', 'qty': '79.00000000', 'quoteQty': '0.00396738', 'time': 1613250114749, 'isBuyerMaker': True, 'isBestMatch': True}
{'id': 7928486, 'price': '0.00005022', 'qty': '62.00000000', 'quoteQty': '0.00311364', 'time': 1613250114749, 'isBuyerMaker': True, 'isBestMatch': True}
{'id': 7928487, 'price': '0.00005022', 'qty': '79.00000000', 'quoteQty': '0.00396738', 'time': 1613250114749, 'isBuyerMaker': True, 'isBestMatch': True}
{'id': 7928488, 'price': '0.00005022', 'qty': '58.00000000', 'quoteQty': '0.00291276', 'time': 1613250114749, 'isBuyerMaker': True, 'isBestMatch': True}
{'id': 7928489, 'price': '0.00005022', 'qty': '69.00000000', 'quoteQty': '0.00346518', 'time': 1613250114749, 'isBuyerMaker': True, 'isBestMatch': True}
{'id': 7928490, 'price': '0.00005012', 'qty': '19.00000000', 'quoteQty': '0.00095228', 'time': 1613250114749, 'isBuyerMaker': True, 'isBestMatch': True}
{'id': 7928491, 'price': '0.00005012', 'qty': '2.00000000', 'quoteQty': '0.00010024', 'time': 1613250114749, 'isBuyerMaker': True, 'isBestMatch': True}
{'id': 7928492, 'price': '0.00005012', 'qty': '2.00000000', 'quoteQty': '0.00010024', 'time': 1613250114749, 'isBuyerMaker': True, 'isBestMatch': True}
{'id': 7928493, 'price': '0.00005012', 'qty': '2.00000000', 'quoteQty': '0.00010024', 'time': 1613250114749, 'isBuyerMaker': True, 'isBestMatch': True}
{'id': 7928494, 'price': '0.00005012', 'qty': '2.00000000', 'quoteQty': '0.00010024', 'time': 1613250114749, 'isBuyerMaker': True, 'isBestMatch': True}
{'id': 7928495, 'price': '0.00005012', 'qty': '2.00000000', 'quoteQty': '0.00010024', 'time': 1613250114749, 'isBuyerMaker': True, 'isBestMatch': True}
{'id': 7928496, 'price': '0.00005012', 'qty': '1.00000000', 'quoteQty': '0.00005012', 'time': 1613250114749, 'isBuyerMaker': True, 'isBestMatch': True}
{'id': 7928497, 'price': '0.00005009', 'qty': '24.00000000', 'quoteQty': '0.00120216', 'time': 1613250114749, 'isBuyerMaker': True, 'isBestMatch': True}
{'id': 7928498, 'price': '0.00005009', 'qty': '24.00000000', 'quoteQty': '0.00120216', 'time': 1613250114749, 'isBuyerMaker': True, 'isBestMatch': True}
{'id': 7928499, 'price': '0.00005009', 'qty': '24.00000000', 'quoteQty': '0.00120216', 'time': 1613250114749, 'isBuyerMaker': True, 'isBestMatch': True}
{'id': 7928500, 'price': '0.00005009', 'qty': '24.00000000', 'quoteQty': '0.00120216', 'time': 1613250114749, 'isBuyerMaker': True, 'isBestMatch': True}
{'id': 7928501, 'price': '0.00005009', 'qty': '24.00000000', 'quoteQty': '0.00120216', 'time': 1613250114749, 'isBuyerMaker': True, 'isBestMatch': True}
{'id': 7928502, 'price': '0.00005009', 'qty': '24.00000000', 'quoteQty': '0.00120216', 'time': 1613250114749, 'isBuyerMaker': True, 'isBestMatch': True}
{'id': 7928503, 'price': '0.00005009', 'qty': '24.00000000', 'quoteQty': '0.00120216', 'time': 1613250114749, 'isBuyerMaker': True, 'isBestMatch': True}
{'id': 7928504, 'price': '0.00005009', 'qty': '24.00000000', 'quoteQty': '0.00120216', 'time': 1613250114749, 'isBuyerMaker': True, 'isBestMatch': True}
{'id': 7928505, 'price': '0.00005009', 'qty': '24.00000000', 'quoteQty': '0.00120216', 'time': 1613250114749, 'isBuyerMaker': True, 'isBestMatch': True}
{'id': 7928506, 'price': '0.00005009', 'qty': '19.00000000', 'quoteQty': '0.00095171', 'time': 1613250114749, 'isBuyerMaker': True, 'isBestMatch': True}
{'id': 7928507, 'price': '0.00005005', 'qty': '113.00000000', 'quoteQty': '0.00565565', 'time': 1613250114749, 'isBuyerMaker': True, 'isBestMatch': True}
{'id': 7928508, 'price': '0.00005002', 'qty': '310.00000000', 'quoteQty': '0.01550620', 'time': 1613250114749, 'isBuyerMaker': True, 'isBestMatch': True}
{'id': 7928509, 'price': '0.00005002', 'qty': '11.00000000', 'quoteQty': '0.00055022', 'time': 1613250114749, 'isBuyerMaker': True, 'isBestMatch': True}
{'id': 7928510, 'price': '0.00005001', 'qty': '1630.00000000', 'quoteQty': '0.08151630', 'time': 1613250114749, 'isBuyerMaker': True, 'isBestMatch': True}
{'id': 7928511, 'price': '0.00005000', 'qty': '665.00000000', 'quoteQty': '0.03325000', 'time': 1613250114749, 'isBuyerMaker': True, 'isBestMatch': True}
{'id': 7928512, 'price': '0.00005000', 'qty': '7.00000000', 'quoteQty': '0.00035000', 'time': 1613250114749, 'isBuyerMaker': True, 'isBestMatch': True}
{'id': 7928513, 'price': '0.00005000', 'qty': '6761.00000000', 'quoteQty': '0.33805000', 'time': 1613250114749, 'isBuyerMaker': True, 'isBestMatch': True}
{'id': 7928514, 'price': '0.00005111', 'qty': '313.00000000', 'quoteQty': '0.01599743', 'time': 1613250114750, 'isBuyerMaker': False, 'isBestMatch': True}
{'id': 7928515, 'price': '0.00005117', 'qty': '36.00000000', 'quoteQty': '0.00184212', 'time': 1613250114750, 'isBuyerMaker': False, 'isBestMatch': True}
{'id': 7928516, 'price': '0.00005117', 'qty': '68.00000000', 'quoteQty': '0.00347956', 'time': 1613250114750, 'isBuyerMaker': False, 'isBestMatch': True}
{'id': 7928517, 'price': '0.00005003', 'qty': '3.00000000', 'quoteQty': '0.00015009', 'time': 1613250114806, 'isBuyerMaker': True, 'isBestMatch': True}
{'id': 7928518, 'price': '0.00005005', 'qty': '128.00000000', 'quoteQty': '0.00640640', 'time': 1613250114817, 'isBuyerMaker': False, 'isBestMatch': True}
{'id': 7928519, 'price': '0.00005098', 'qty': '3.00000000', 'quoteQty': '0.00015294', 'time': 1613250114821, 'isBuyerMaker': False, 'isBestMatch': True}
{'id': 7928520, 'price': '0.00005003', 'qty': '29.00000000', 'quoteQty': '0.00145087', 'time': 1613250114832, 'isBuyerMaker': True, 'isBestMatch': True}
{'id': 7928521, 'price': '0.00005004', 'qty': '39.00000000', 'quoteQty': '0.00195156', 'time': 1613250114863, 'isBuyerMaker': True, 'isBestMatch': True}
{'id': 7928522, 'price': '0.00005003', 'qty': '1.00000000', 'quoteQty': '0.00005003', 'time': 1613250114863, 'isBuyerMaker': True, 'isBestMatch': True}
{'id': 7928523, 'price': '0.00005098', 'qty': '24.00000000', 'quoteQty': '0.00122352', 'time': 1613250114949, 'isBuyerMaker': False, 'isBestMatch': True}
{'id': 7928524, 'price': '0.00005098', 'qty': '19.00000000', 'quoteQty': '0.00096862', 'time': 1613250114968, 'isBuyerMaker': False, 'isBestMatch': True}
{'id': 7928525, 'price': '0.00005099', 'qty': '1.00000000', 'quoteQty': '0.00005099', 'time': 1613250114968, 'isBuyerMaker': False, 'isBestMatch': True}
{'id': 7928526, 'price': '0.00005099', 'qty': '13.00000000', 'quoteQty': '0.00066287', 'time': 1613250114984, 'isBuyerMaker': False, 'isBestMatch': True}
{'id': 7928527, 'price': '0.00005099', 'qty': '67.00000000', 'quoteQty': '0.00341633', 'time': 1613250114987, 'isBuyerMaker': False, 'isBestMatch': True}
{'id': 7928528, 'price': '0.00005098', 'qty': '11.00000000', 'quoteQty': '0.00056078', 'time': 1613250115037, 'isBuyerMaker': False, 'isBestMatch': True}
{'id': 7928529, 'price': '0.00005093', 'qty': '2.00000000', 'quoteQty': '0.00010186', 'time': 1613250115100, 'isBuyerMaker': False, 'isBestMatch': True}
{'id': 7928530, 'price': '0.00005098', 'qty': '125.00000000', 'quoteQty': '0.00637250', 'time': 1613250115100, 'isBuyerMaker': False, 'isBestMatch': True}
{'id': 7928531, 'price': '0.00005085', 'qty': '31.00000000', 'quoteQty': '0.00157635', 'time': 1613250115126, 'isBuyerMaker': True, 'isBestMatch': True}
{'id': 7928532, 'price': '0.00005085', 'qty': '34.00000000', 'quoteQty': '0.00172890', 'time': 1613250115174, 'isBuyerMaker': True, 'isBestMatch': True}
{'id': 7928533, 'price': '0.00005082', 'qty': '2.00000000', 'quoteQty': '0.00010164', 'time': 1613250115174, 'isBuyerMaker': True, 'isBestMatch': True}
{'id': 7928534, 'price': '0.00005075', 'qty': '25.00000000', 'quoteQty': '0.00126875', 'time': 1613250115174, 'isBuyerMaker': True, 'isBestMatch': True}
{'id': 7928535, 'price': '0.00005075', 'qty': '4.00000000', 'quoteQty': '0.00020300', 'time': 1613250115358, 'isBuyerMaker': True, 'isBestMatch': True}
{'id': 7928536, 'price': '0.00005075', 'qty': '32.00000000', 'quoteQty': '0.00162400', 'time': 1613250115403, 'isBuyerMaker': True, 'isBestMatch': True}
{'id': 7928537, 'price': '0.00005075', 'qty': '86.00000000', 'quoteQty': '0.00436450', 'time': 1613250115404, 'isBuyerMaker': True, 'isBestMatch': True}
{'id': 7928538, 'price': '0.00005075', 'qty': '53.00000000', 'quoteQty': '0.00268975', 'time': 1613250115420, 'isBuyerMaker': True, 'isBestMatch': True}
{'id': 7928539, 'price': '0.00005076', 'qty': '9.00000000', 'quoteQty': '0.00045684', 'time': 1613250115423, 'isBuyerMaker': False, 'isBestMatch': True}
{'id': 7928540, 'price': '0.00005076', 'qty': '8.00000000', 'quoteQty': '0.00040608', 'time': 1613250115468, 'isBuyerMaker': False, 'isBestMatch': True}
